%% This BibTeX bibliography file was created using BibDesk.
%% http://bibdesk.sourceforge.net/


%% Created for wesley at 2013-07-10 16:41:58 -0500 


%% Saved with string encoding Unicode (UTF-8) 



@article{Ruppert:1994,
	Author = {D. Ruppert and M.P. Wand},
	Date-Added = {2013-07-10 21:40:29 +0000},
	Date-Modified = {2013-07-10 21:41:39 +0000},
	Journal = {The Annals of Statistics},
	Number = {3},
	Pages = {1346-1370},
	Title = {Multivariate locally weighted least squares regression},
	Volume = {22},
	Year = {1994},
	Bdsk-File-1 = {YnBsaXN0MDDUAQIDBAUGJCVYJHZlcnNpb25YJG9iamVjdHNZJGFyY2hpdmVyVCR0b3ASAAGGoKgHCBMUFRYaIVUkbnVsbNMJCgsMDxJXTlMua2V5c1pOUy5vYmplY3RzViRjbGFzc6INDoACgAOiEBGABIAFgAdccmVsYXRpdmVQYXRoWWFsaWFzRGF0YV8QFXBkZnMvUnVwcGVydC0xOTk0LnBkZtIXCxgZV05TLmRhdGFPEQGsAAAAAAGsAAIAAAxNYWNpbnRvc2ggSEQAAAAAAAAAAAAAAAAAAADNlsjMSCsAAAATYAYQUnVwcGVydC0xOTk0LnBkZgAAAAAAAAAAAAAAAAAAAAAAAAAAAAAAAAAAAAAAAAAAAAAAAAAAAAAAAAAAAAAAABWXFs4DPucAAAAAAAAAAAABAAMAAAkgAAAAAAAAAAAAAAAAAAAABHBkZnMAEAAIAADNlw8cAAAAEQAIAADOA4U3AAAAAQAYABNgBgATYAIAEyNDAA6X5QAOGs0AAg3jAAIASE1hY2ludG9zaCBIRDpVc2VyczoAd2VzbGV5OgBnaXQ6AGd3cjoAcmVmZXJlbmNlczoAcGRmczoAUnVwcGVydC0xOTk0LnBkZgAOACIAEABSAHUAcABwAGUAcgB0AC0AMQA5ADkANAAuAHAAZABmAA8AGgAMAE0AYQBjAGkAbgB0AG8AcwBoACAASABEABIANVVzZXJzL3dlc2xleS9naXQvZ3dyL3JlZmVyZW5jZXMvcGRmcy9SdXBwZXJ0LTE5OTQucGRmAAATAAEvAAAVAAIADf//AACABtIbHB0eWiRjbGFzc25hbWVYJGNsYXNzZXNdTlNNdXRhYmxlRGF0YaMdHyBWTlNEYXRhWE5TT2JqZWN00hscIiNcTlNEaWN0aW9uYXJ5oiIgXxAPTlNLZXllZEFyY2hpdmVy0SYnVHJvb3SAAQAIABEAGgAjAC0AMgA3AEAARgBNAFUAYABnAGoAbABuAHEAcwB1AHcAhACOAKYAqwCzAmMCZQJqAnUCfgKMApAClwKgAqUCsgK1AscCygLPAAAAAAAAAgEAAAAAAAAAKAAAAAAAAAAAAAAAAAAAAtE=}}

@article{Eubank:1994,
	Author = {R.L. Eubank and Chunfeng Huang and Y. Mu{\~n}oz Maldonado and Naisyin Wang and Suojin Wang and R.J. Buchanan},
	Date-Added = {2013-07-10 20:05:30 +0000},
	Date-Modified = {2013-07-10 20:08:25 +0000},
	Journal = {Journal of the Royal Statistical Society. Series B (Methodological)},
	Number = {3},
	Pages = {653-667},
	Title = {Smoothing spline estimation in varying-coefficient models},
	Volume = {66},
	Year = {2004},
	Bdsk-File-1 = {YnBsaXN0MDDUAQIDBAUGJCVYJHZlcnNpb25YJG9iamVjdHNZJGFyY2hpdmVyVCR0b3ASAAGGoKgHCBMUFRYaIVUkbnVsbNMJCgsMDxJXTlMua2V5c1pOUy5vYmplY3RzViRjbGFzc6INDoACgAOiEBGABIAFgAdccmVsYXRpdmVQYXRoWWFsaWFzRGF0YV8QFHBkZnMvRXViYW5rLTIwMDQucGRm0hcLGBlXTlMuZGF0YU8RAagAAAAAAagAAgAADE1hY2ludG9zaCBIRAAAAAAAAAAAAAAAAAAAAM2WyMxIKwAAABNgBg9FdWJhbmstMjAwNC5wZGYAAAAAAAAAAAAAAAAAAAAAAAAAAAAAAAAAAAAAAAAAAAAAAAAAAAAAAAAAAAAAAAAAFZa6zgM+hAAAAAAAAAAAAAEAAwAACSAAAAAAAAAAAAAAAAAAAAAEcGRmcwAQAAgAAM2XDxwAAAARAAgAAM4DhNQAAAABABgAE2AGABNgAgATI0MADpflAA4azQACDeMAAgBHTWFjaW50b3NoIEhEOlVzZXJzOgB3ZXNsZXk6AGdpdDoAZ3dyOgByZWZlcmVuY2VzOgBwZGZzOgBFdWJhbmstMjAwNC5wZGYAAA4AIAAPAEUAdQBiAGEAbgBrAC0AMgAwADAANAAuAHAAZABmAA8AGgAMAE0AYQBjAGkAbgB0AG8AcwBoACAASABEABIANFVzZXJzL3dlc2xleS9naXQvZ3dyL3JlZmVyZW5jZXMvcGRmcy9FdWJhbmstMjAwNC5wZGYAEwABLwAAFQACAA3//wAAgAbSGxwdHlokY2xhc3NuYW1lWCRjbGFzc2VzXU5TTXV0YWJsZURhdGGjHR8gVk5TRGF0YVhOU09iamVjdNIbHCIjXE5TRGljdGlvbmFyeaIiIF8QD05TS2V5ZWRBcmNoaXZlctEmJ1Ryb290gAEACAARABoAIwAtADIANwBAAEYATQBVAGAAZwBqAGwAbgBxAHMAdQB3AIQAjgClAKoAsgJeAmACZQJwAnkChwKLApICmwKgAq0CsALCAsUCygAAAAAAAAIBAAAAAAAAACgAAAAAAAAAAAAAAAAAAALM}}

@book{Hastie:2009,
	Author = {Trevor Hastie and Robert Tibshirani and Jerome Friedman},
	Date-Added = {2013-05-16 18:54:06 +0000},
	Date-Modified = {2013-05-16 18:55:53 +0000},
	Publisher = {Springer New York},
	Title = {The elements of statistical learning: data mining, inference, and prediction},
	Year = {2009}}

@article{Hoerl:1970,
	Author = {Arthur E. Hoerl and Robert W. Kennard},
	Date-Added = {2013-05-16 18:38:37 +0000},
	Date-Modified = {2013-05-16 18:59:11 +0000},
	Journal = {Technometrics},
	Number = {1},
	Pages = {55-67},
	Title = {Ridge Regression: Biased Estimation for Nonorthogonal Problems},
	Volume = {12},
	Year = {1970},
	Bdsk-File-1 = {YnBsaXN0MDDUAQIDBAUGJCVYJHZlcnNpb25YJG9iamVjdHNZJGFyY2hpdmVyVCR0b3ASAAGGoKgHCBMUFRYaIVUkbnVsbNMJCgsMDxJXTlMua2V5c1pOUy5vYmplY3RzViRjbGFzc6INDoACgAOiEBGABIAFgAdccmVsYXRpdmVQYXRoWWFsaWFzRGF0YV8QE3BkZnMvSG9lcmwtMTk3MC5wZGbSFwsYGVdOUy5kYXRhTxEBpAAAAAABpAACAAAMTWFjaW50b3NoIEhEAAAAAAAAAAAAAAAAAAAAzZbIzEgrAAAAE2AGDkhvZXJsLTE5NzAucGRmAAAAAAAAAAAAAAAAAAAAAAAAAAAAAAAAAAAAAAAAAAAAAAAAAAAAAAAAAAAAAAAAAAATYBfN+cKdAAAAAAAAAAAAAQADAAAJIAAAAAAAAAAAAAAAAAAAAARwZGZzABAACAAAzZcPHAAAABEACAAAzfoI7QAAAAEAGAATYAYAE2ACABMjQwAOl+UADhrNAAIN4wACAEZNYWNpbnRvc2ggSEQ6VXNlcnM6AHdlc2xleToAZ2l0OgBnd3I6AHJlZmVyZW5jZXM6AHBkZnM6AEhvZXJsLTE5NzAucGRmAA4AHgAOAEgAbwBlAHIAbAAtADEAOQA3ADAALgBwAGQAZgAPABoADABNAGEAYwBpAG4AdABvAHMAaAAgAEgARAASADNVc2Vycy93ZXNsZXkvZ2l0L2d3ci9yZWZlcmVuY2VzL3BkZnMvSG9lcmwtMTk3MC5wZGYAABMAAS8AABUAAgAN//8AAIAG0hscHR5aJGNsYXNzbmFtZVgkY2xhc3Nlc11OU011dGFibGVEYXRhox0fIFZOU0RhdGFYTlNPYmplY3TSGxwiI1xOU0RpY3Rpb25hcnmiIiBfEA9OU0tleWVkQXJjaGl2ZXLRJidUcm9vdIABAAgAEQAaACMALQAyADcAQABGAE0AVQBgAGcAagBsAG4AcQBzAHUAdwCEAI4ApACpALECWQJbAmACawJ0AoIChgKNApYCmwKoAqsCvQLAAsUAAAAAAAACAQAAAAAAAAAoAAAAAAAAAAAAAAAAAAACxw==}}

@article{Paez:2002b,
	Author = {Antonio Paez and Takashi Uchida and Kazuaki Miyamoto},
	Date-Added = {2013-05-02 22:27:36 +0000},
	Date-Modified = {2013-05-02 22:29:27 +0000},
	Journal = {Environment and Planning A},
	Pages = {883-904},
	Title = {A general framework for estimation and inference of geographically weighted regression models: 2. Spatial association and model specification tests},
	Volume = {34},
	Year = {2002},
	Bdsk-File-1 = {YnBsaXN0MDDUAQIDBAUGJCVYJHZlcnNpb25YJG9iamVjdHNZJGFyY2hpdmVyVCR0b3ASAAGGoKgHCBMUFRYaIVUkbnVsbNMJCgsMDxJXTlMua2V5c1pOUy5vYmplY3RzViRjbGFzc6INDoACgAOiEBGABIAFgAdccmVsYXRpdmVQYXRoWWFsaWFzRGF0YV8QE3BkZnMvUGFlei0yMDAyYi5wZGbSFwsYGVdOUy5kYXRhTxEBpAAAAAABpAACAAAMTWFjaW50b3NoIEhEAAAAAAAAAAAAAAAAAAAAzZbIzEgrAAAAE2AGDlBhZXotMjAwMmIucGRmAAAAAAAAAAAAAAAAAAAAAAAAAAAAAAAAAAAAAAAAAAAAAAAAAAAAAAAAAAAAAAAAAAATYCHN+cKdAAAAAAAAAAAAAQADAAAJIAAAAAAAAAAAAAAAAAAAAARwZGZzABAACAAAzZcPHAAAABEACAAAzfoI7QAAAAEAGAATYAYAE2ACABMjQwAOl+UADhrNAAIN4wACAEZNYWNpbnRvc2ggSEQ6VXNlcnM6AHdlc2xleToAZ2l0OgBnd3I6AHJlZmVyZW5jZXM6AHBkZnM6AFBhZXotMjAwMmIucGRmAA4AHgAOAFAAYQBlAHoALQAyADAAMAAyAGIALgBwAGQAZgAPABoADABNAGEAYwBpAG4AdABvAHMAaAAgAEgARAASADNVc2Vycy93ZXNsZXkvZ2l0L2d3ci9yZWZlcmVuY2VzL3BkZnMvUGFlei0yMDAyYi5wZGYAABMAAS8AABUAAgAN//8AAIAG0hscHR5aJGNsYXNzbmFtZVgkY2xhc3Nlc11OU011dGFibGVEYXRhox0fIFZOU0RhdGFYTlNPYmplY3TSGxwiI1xOU0RpY3Rpb25hcnmiIiBfEA9OU0tleWVkQXJjaGl2ZXLRJidUcm9vdIABAAgAEQAaACMALQAyADcAQABGAE0AVQBgAGcAagBsAG4AcQBzAHUAdwCEAI4ApACpALECWQJbAmACawJ0AoIChgKNApYCmwKoAqsCvQLAAsUAAAAAAAACAQAAAAAAAAAoAAAAAAAAAAAAAAAAAAACxw==}}

@article{Paez:2002a,
	Author = {Antonio Paez and Takashi Uchida and Kazuaki Miyamoto},
	Date-Added = {2013-05-02 22:25:29 +0000},
	Date-Modified = {2013-05-02 22:26:57 +0000},
	Journal = {Environment and Planning A},
	Pages = {733-754},
	Title = {A general framework for estimation and inference of geographically weighted regression models: 1. Location-specific kernel bandwidths and a test for locational heterogeneity},
	Volume = {34},
	Year = {2002},
	Bdsk-File-1 = {YnBsaXN0MDDUAQIDBAUGJCVYJHZlcnNpb25YJG9iamVjdHNZJGFyY2hpdmVyVCR0b3ASAAGGoKgHCBMUFRYaIVUkbnVsbNMJCgsMDxJXTlMua2V5c1pOUy5vYmplY3RzViRjbGFzc6INDoACgAOiEBGABIAFgAdccmVsYXRpdmVQYXRoWWFsaWFzRGF0YV8QE3BkZnMvUGFlei0yMDAyYS5wZGbSFwsYGVdOUy5kYXRhTxEBpAAAAAABpAACAAAMTWFjaW50b3NoIEhEAAAAAAAAAAAAAAAAAAAAzZbIzEgrAAAAE2AGDlBhZXotMjAwMmEucGRmAAAAAAAAAAAAAAAAAAAAAAAAAAAAAAAAAAAAAAAAAAAAAAAAAAAAAAAAAAAAAAAAAAATYCDN+cKdAAAAAAAAAAAAAQADAAAJIAAAAAAAAAAAAAAAAAAAAARwZGZzABAACAAAzZcPHAAAABEACAAAzfoI7QAAAAEAGAATYAYAE2ACABMjQwAOl+UADhrNAAIN4wACAEZNYWNpbnRvc2ggSEQ6VXNlcnM6AHdlc2xleToAZ2l0OgBnd3I6AHJlZmVyZW5jZXM6AHBkZnM6AFBhZXotMjAwMmEucGRmAA4AHgAOAFAAYQBlAHoALQAyADAAMAAyAGEALgBwAGQAZgAPABoADABNAGEAYwBpAG4AdABvAHMAaAAgAEgARAASADNVc2Vycy93ZXNsZXkvZ2l0L2d3ci9yZWZlcmVuY2VzL3BkZnMvUGFlei0yMDAyYS5wZGYAABMAAS8AABUAAgAN//8AAIAG0hscHR5aJGNsYXNzbmFtZVgkY2xhc3Nlc11OU011dGFibGVEYXRhox0fIFZOU0RhdGFYTlNPYmplY3TSGxwiI1xOU0RpY3Rpb25hcnmiIiBfEA9OU0tleWVkQXJjaGl2ZXLRJidUcm9vdIABAAgAEQAaACMALQAyADcAQABGAE0AVQBgAGcAagBsAG4AcQBzAHUAdwCEAI4ApACpALECWQJbAmACawJ0AoIChgKNApYCmwKoAqsCvQLAAsUAAAAAAAACAQAAAAAAAAAoAAAAAAAAAAAAAAAAAAACxw==}}

@incollection{Cleveland:1991,
	Author = {William Cleveland and},
	Booktitle = {Statistical models in S},
	Date-Added = {2013-05-01 23:14:37 +0000},
	Date-Modified = {2013-05-01 23:17:12 +0000},
	Editor = {John Chambers and Trevor Hastie},
	Publisher = {Wadsworth and Brooks/Cole},
	Title = {Local regression models},
	Year = {1991}}

@article{Brundson:1998a,
	Author = {Chris Brundson and Stewart Fotheringham and Martin Charltonn},
	Date-Added = {2013-05-01 23:08:19 +0000},
	Date-Modified = {2013-05-01 23:09:36 +0000},
	Journal = {Environment and Planning A},
	Pages = {1905-1927},
	Title = {Geographically weighted regression: a natural evolution of the expansion method for spatial data analysis},
	Volume = {30},
	Year = {1998},
	Bdsk-File-1 = {YnBsaXN0MDDUAQIDBAUGJCVYJHZlcnNpb25YJG9iamVjdHNZJGFyY2hpdmVyVCR0b3ASAAGGoKgHCBMUFRYaIVUkbnVsbNMJCgsMDxJXTlMua2V5c1pOUy5vYmplY3RzViRjbGFzc6INDoACgAOiEBGABIAFgAdccmVsYXRpdmVQYXRoWWFsaWFzRGF0YV8QF3BkZnMvQnJ1bmRzb24tMTk5OGEucGRm0hcLGBlXTlMuZGF0YU8RAbQAAAAAAbQAAgAADE1hY2ludG9zaCBIRAAAAAAAAAAAAAAAAAAAAM2WyMxIKwAAABNgBhJCcnVuZHNvbi0xOTk4YS5wZGYAAAAAAAAAAAAAAAAAAAAAAAAAAAAAAAAAAAAAAAAAAAAAAAAAAAAAAAAAAAAAE2AOzfnCmwAAAAAAAAAAAAEAAwAACSAAAAAAAAAAAAAAAAAAAAAEcGRmcwAQAAgAAM2XDxwAAAARAAgAAM36COsAAAABABgAE2AGABNgAgATI0MADpflAA4azQACDeMAAgBKTWFjaW50b3NoIEhEOlVzZXJzOgB3ZXNsZXk6AGdpdDoAZ3dyOgByZWZlcmVuY2VzOgBwZGZzOgBCcnVuZHNvbi0xOTk4YS5wZGYADgAmABIAQgByAHUAbgBkAHMAbwBuAC0AMQA5ADkAOABhAC4AcABkAGYADwAaAAwATQBhAGMAaQBuAHQAbwBzAGgAIABIAEQAEgA3VXNlcnMvd2VzbGV5L2dpdC9nd3IvcmVmZXJlbmNlcy9wZGZzL0JydW5kc29uLTE5OThhLnBkZgAAEwABLwAAFQACAA3//wAAgAbSGxwdHlokY2xhc3NuYW1lWCRjbGFzc2VzXU5TTXV0YWJsZURhdGGjHR8gVk5TRGF0YVhOU09iamVjdNIbHCIjXE5TRGljdGlvbmFyeaIiIF8QD05TS2V5ZWRBcmNoaXZlctEmJ1Ryb290gAEACAARABoAIwAtADIANwBAAEYATQBVAGAAZwBqAGwAbgBxAHMAdQB3AIQAjgCoAK0AtQJtAm8CdAJ/AogClgKaAqECqgKvArwCvwLRAtQC2QAAAAAAAAIBAAAAAAAAACgAAAAAAAAAAAAAAAAAAALb}}

@article{Fan:2001,
	Author = {Jianqing Fan and Runze Li},
	Date-Added = {2013-05-01 22:57:11 +0000},
	Date-Modified = {2013-05-01 22:58:48 +0000},
	Journal = {Journal of the American Statistical Association},
	Number = {456},
	Pages = {1348-1360},
	Title = {Variable selection via nonconcave penalized likelihood and its oracle properties},
	Volume = {96},
	Year = {2001},
	Bdsk-File-1 = {YnBsaXN0MDDUAQIDBAUGJCVYJHZlcnNpb25YJG9iamVjdHNZJGFyY2hpdmVyVCR0b3ASAAGGoKgHCBMUFRYaIVUkbnVsbNMJCgsMDxJXTlMua2V5c1pOUy5vYmplY3RzViRjbGFzc6INDoACgAOiEBGABIAFgAdccmVsYXRpdmVQYXRoWWFsaWFzRGF0YV8QEXBkZnMvRmFuLTIwMDEucGRm0hcLGBlXTlMuZGF0YU8RAZwAAAAAAZwAAgAADE1hY2ludG9zaCBIRAAAAAAAAAAAAAAAAAAAAM2WyMxIKwAAABNgBgxGYW4tMjAwMS5wZGYAAAAAAAAAAAAAAAAAAAAAAAAAAAAAAAAAAAAAAAAAAAAAAAAAAAAAAAAAAAAAAAAAAAAAE2ASzfnCnAAAAAAAAAAAAAEAAwAACSAAAAAAAAAAAAAAAAAAAAAEcGRmcwAQAAgAAM2XDxwAAAARAAgAAM36COwAAAABABgAE2AGABNgAgATI0MADpflAA4azQACDeMAAgBETWFjaW50b3NoIEhEOlVzZXJzOgB3ZXNsZXk6AGdpdDoAZ3dyOgByZWZlcmVuY2VzOgBwZGZzOgBGYW4tMjAwMS5wZGYADgAaAAwARgBhAG4ALQAyADAAMAAxAC4AcABkAGYADwAaAAwATQBhAGMAaQBuAHQAbwBzAGgAIABIAEQAEgAxVXNlcnMvd2VzbGV5L2dpdC9nd3IvcmVmZXJlbmNlcy9wZGZzL0Zhbi0yMDAxLnBkZgAAEwABLwAAFQACAA3//wAAgAbSGxwdHlokY2xhc3NuYW1lWCRjbGFzc2VzXU5TTXV0YWJsZURhdGGjHR8gVk5TRGF0YVhOU09iamVjdNIbHCIjXE5TRGljdGlvbmFyeaIiIF8QD05TS2V5ZWRBcmNoaXZlctEmJ1Ryb290gAEACAARABoAIwAtADIANwBAAEYATQBVAGAAZwBqAGwAbgBxAHMAdQB3AIQAjgCiAKcArwJPAlECVgJhAmoCeAJ8AoMCjAKRAp4CoQKzArYCuwAAAAAAAAIBAAAAAAAAACgAAAAAAAAAAAAAAAAAAAK9}}

@book{Cressie:1993,
	Author = {Noel Cressie},
	Date-Added = {2013-05-01 21:02:06 +0000},
	Date-Modified = {2013-05-01 21:02:45 +0000},
	Publisher = {Wiley},
	Title = {Statistics for spatial data},
	Year = {1993}}

@book{Diggle:2007,
	Author = {Peter Diggle and Paulo Ribeiro},
	Date-Added = {2013-05-01 20:55:10 +0000},
	Date-Modified = {2013-05-01 20:55:47 +0000},
	Publisher = {Springer New York},
	Title = {Model-based geostatistics},
	Year = {2007}}

@article{Zou:2005,
	Author = {Hui Zou and Trevor Hastie},
	Date-Added = {2013-04-25 22:17:21 +0000},
	Date-Modified = {2013-04-25 22:18:45 +0000},
	Journal = {Journal of the Royal Statistical Society. Series B (Methodological)},
	Number = {2},
	Pages = {301-320},
	Title = {Regularization and variable selection via the elastic net},
	Volume = {67},
	Year = {2005},
	Bdsk-File-1 = {YnBsaXN0MDDUAQIDBAUGJCVYJHZlcnNpb25YJG9iamVjdHNZJGFyY2hpdmVyVCR0b3ASAAGGoKgHCBMUFRYaIVUkbnVsbNMJCgsMDxJXTlMua2V5c1pOUy5vYmplY3RzViRjbGFzc6INDoACgAOiEBGABIAFgAdccmVsYXRpdmVQYXRoWWFsaWFzRGF0YV8QEXBkZnMvWm91LTIwMDUucGRm0hcLGBlXTlMuZGF0YU8RAZwAAAAAAZwAAgAADE1hY2ludG9zaCBIRAAAAAAAAAAAAAAAAAAAAM2WyMxIKwAAABNgBgxab3UtMjAwNS5wZGYAAAAAAAAAAAAAAAAAAAAAAAAAAAAAAAAAAAAAAAAAAAAAAAAAAAAAAAAAAAAAAAAAAAAAE2A0zfnCoAAAAAAAAAAAAAEAAwAACSAAAAAAAAAAAAAAAAAAAAAEcGRmcwAQAAgAAM2XDxwAAAARAAgAAM36CPAAAAABABgAE2AGABNgAgATI0MADpflAA4azQACDeMAAgBETWFjaW50b3NoIEhEOlVzZXJzOgB3ZXNsZXk6AGdpdDoAZ3dyOgByZWZlcmVuY2VzOgBwZGZzOgBab3UtMjAwNS5wZGYADgAaAAwAWgBvAHUALQAyADAAMAA1AC4AcABkAGYADwAaAAwATQBhAGMAaQBuAHQAbwBzAGgAIABIAEQAEgAxVXNlcnMvd2VzbGV5L2dpdC9nd3IvcmVmZXJlbmNlcy9wZGZzL1pvdS0yMDA1LnBkZgAAEwABLwAAFQACAA3//wAAgAbSGxwdHlokY2xhc3NuYW1lWCRjbGFzc2VzXU5TTXV0YWJsZURhdGGjHR8gVk5TRGF0YVhOU09iamVjdNIbHCIjXE5TRGljdGlvbmFyeaIiIF8QD05TS2V5ZWRBcmNoaXZlctEmJ1Ryb290gAEACAARABoAIwAtADIANwBAAEYATQBVAGAAZwBqAGwAbgBxAHMAdQB3AIQAjgCiAKcArwJPAlECVgJhAmoCeAJ8AoMCjAKRAp4CoQKzArYCuwAAAAAAAAIBAAAAAAAAACgAAAAAAAAAAAAAAAAAAAK9}}

@article{Zou:2009,
	Author = {Hui Zou and Helen Zhang},
	Date-Added = {2013-04-25 20:26:33 +0000},
	Date-Modified = {2013-04-25 22:16:28 +0000},
	Journal = {The Annals of Statistics},
	Number = {4},
	Pages = {1733-1751},
	Title = {On the adaptive elastic net with a diverging number of parameters},
	Volume = {37},
	Year = {2009},
	Bdsk-File-1 = {YnBsaXN0MDDUAQIDBAUGJCVYJHZlcnNpb25YJG9iamVjdHNZJGFyY2hpdmVyVCR0b3ASAAGGoKgHCBMUFRYaIVUkbnVsbNMJCgsMDxJXTlMua2V5c1pOUy5vYmplY3RzViRjbGFzc6INDoACgAOiEBGABIAFgAdccmVsYXRpdmVQYXRoWWFsaWFzRGF0YV8QEXBkZnMvWm91LTIwMDkucGRm0hcLGBlXTlMuZGF0YU8RAZwAAAAAAZwAAgAADE1hY2ludG9zaCBIRAAAAAAAAAAAAAAAAAAAAM2WyMxIKwAAABNgBgxab3UtMjAwOS5wZGYAAAAAAAAAAAAAAAAAAAAAAAAAAAAAAAAAAAAAAAAAAAAAAAAAAAAAAAAAAAAAAAAAAAAAE2A2zfnCoAAAAAAAAAAAAAEAAwAACSAAAAAAAAAAAAAAAAAAAAAEcGRmcwAQAAgAAM2XDxwAAAARAAgAAM36CPAAAAABABgAE2AGABNgAgATI0MADpflAA4azQACDeMAAgBETWFjaW50b3NoIEhEOlVzZXJzOgB3ZXNsZXk6AGdpdDoAZ3dyOgByZWZlcmVuY2VzOgBwZGZzOgBab3UtMjAwOS5wZGYADgAaAAwAWgBvAHUALQAyADAAMAA5AC4AcABkAGYADwAaAAwATQBhAGMAaQBuAHQAbwBzAGgAIABIAEQAEgAxVXNlcnMvd2VzbGV5L2dpdC9nd3IvcmVmZXJlbmNlcy9wZGZzL1pvdS0yMDA5LnBkZgAAEwABLwAAFQACAA3//wAAgAbSGxwdHlokY2xhc3NuYW1lWCRjbGFzc2VzXU5TTXV0YWJsZURhdGGjHR8gVk5TRGF0YVhOU09iamVjdNIbHCIjXE5TRGljdGlvbmFyeaIiIF8QD05TS2V5ZWRBcmNoaXZlctEmJ1Ryb290gAEACAARABoAIwAtADIANwBAAEYATQBVAGAAZwBqAGwAbgBxAHMAdQB3AIQAjgCiAKcArwJPAlECVgJhAmoCeAJ8AoMCjAKRAp4CoQKzArYCuwAAAAAAAAIBAAAAAAAAACgAAAAAAAAAAAAAAAAAAAK9}}

@article{Friedman:2010,
	Author = {Jerome Friedman and Trevor Hastie and Robert Tibshirani},
	Date-Added = {2013-04-25 20:14:24 +0000},
	Date-Modified = {2013-05-17 02:52:27 +0000},
	Journal = {Journal of Statistical Software},
	Number = {1},
	Pages = {1-22},
	Title = {Regularization paths for generalized linear models via coordinate descent},
	Volume = {33},
	Year = {2010},
	Bdsk-File-1 = {YnBsaXN0MDDUAQIDBAUGJCVYJHZlcnNpb25YJG9iamVjdHNZJGFyY2hpdmVyVCR0b3ASAAGGoKgHCBMUFRYaIVUkbnVsbNMJCgsMDxJXTlMua2V5c1pOUy5vYmplY3RzViRjbGFzc6INDoACgAOiEBGABIAFgAdccmVsYXRpdmVQYXRoWWFsaWFzRGF0YV8QFnBkZnMvRnJpZWRtYW4tMjAxMC5wZGbSFwsYGVdOUy5kYXRhTxEBsAAAAAABsAACAAAMTWFjaW50b3NoIEhEAAAAAAAAAAAAAAAAAAAAzZbIzEgrAAAAE2AGEUZyaWVkbWFuLTIwMTAucGRmAAAAAAAAAAAAAAAAAAAAAAAAAAAAAAAAAAAAAAAAAAAAAAAAAAAAAAAAAAAAAAATYBTN+cKcAAAAAAAAAAAAAQADAAAJIAAAAAAAAAAAAAAAAAAAAARwZGZzABAACAAAzZcPHAAAABEACAAAzfoI7AAAAAEAGAATYAYAE2ACABMjQwAOl+UADhrNAAIN4wACAElNYWNpbnRvc2ggSEQ6VXNlcnM6AHdlc2xleToAZ2l0OgBnd3I6AHJlZmVyZW5jZXM6AHBkZnM6AEZyaWVkbWFuLTIwMTAucGRmAAAOACQAEQBGAHIAaQBlAGQAbQBhAG4ALQAyADAAMQAwAC4AcABkAGYADwAaAAwATQBhAGMAaQBuAHQAbwBzAGgAIABIAEQAEgA2VXNlcnMvd2VzbGV5L2dpdC9nd3IvcmVmZXJlbmNlcy9wZGZzL0ZyaWVkbWFuLTIwMTAucGRmABMAAS8AABUAAgAN//8AAIAG0hscHR5aJGNsYXNzbmFtZVgkY2xhc3Nlc11OU011dGFibGVEYXRhox0fIFZOU0RhdGFYTlNPYmplY3TSGxwiI1xOU0RpY3Rpb25hcnmiIiBfEA9OU0tleWVkQXJjaGl2ZXLRJidUcm9vdIABAAgAEQAaACMALQAyADcAQABGAE0AVQBgAGcAagBsAG4AcQBzAHUAdwCEAI4ApwCsALQCaAJqAm8CegKDApEClQKcAqUCqgK3AroCzALPAtQAAAAAAAACAQAAAAAAAAAoAAAAAAAAAAAAAAAAAAAC1g==}}

@book{Banerjee:2003,
	Author = {Sudipto Banerjee and Bradley Carlin and Alan Gelfand},
	Date-Added = {2013-04-25 15:50:42 +0000},
	Date-Modified = {2013-04-25 15:52:10 +0000},
	Publisher = {Chapman & Hall CRC},
	Title = {Modeling and analysis for spatial data},
	Year = {2003}}

@book{Gaetan:2010,
	Author = {Carlo Gaetan and Xavier Guyon},
	Date-Added = {2013-04-25 15:49:34 +0000},
	Date-Modified = {2013-04-25 15:50:33 +0000},
	Publisher = {Springer New York},
	Title = {Spatial statistics and modeling},
	Year = {2010}}

@phdthesis{Zhang:2008,
	Author = {Jun Zhang},
	Date-Added = {2013-04-17 22:29:44 +0000},
	Date-Modified = {2013-04-17 22:30:56 +0000},
	School = {University of Wisconsin-Madison},
	Title = {Regression models for spatial images},
	Year = {2008},
	Bdsk-File-1 = {YnBsaXN0MDDUAQIDBAUGJCVYJHZlcnNpb25YJG9iamVjdHNZJGFyY2hpdmVyVCR0b3ASAAGGoKgHCBMUFRYaIVUkbnVsbNMJCgsMDxJXTlMua2V5c1pOUy5vYmplY3RzViRjbGFzc6INDoACgAOiEBGABIAFgAdccmVsYXRpdmVQYXRoWWFsaWFzRGF0YV8QE3BkZnMvWmhhbmctMjAwOC5wZGbSFwsYGVdOUy5kYXRhTxEBpAAAAAABpAACAAAMTWFjaW50b3NoIEhEAAAAAAAAAAAAAAAAAAAAzZbIzEgrAAAAE2AGDlpoYW5nLTIwMDgucGRmAAAAAAAAAAAAAAAAAAAAAAAAAAAAAAAAAAAAAAAAAAAAAAAAAAAAAAAAAAAAAAAAAAATYDPN+cKgAAAAAAAAAAAAAQADAAAJIAAAAAAAAAAAAAAAAAAAAARwZGZzABAACAAAzZcPHAAAABEACAAAzfoI8AAAAAEAGAATYAYAE2ACABMjQwAOl+UADhrNAAIN4wACAEZNYWNpbnRvc2ggSEQ6VXNlcnM6AHdlc2xleToAZ2l0OgBnd3I6AHJlZmVyZW5jZXM6AHBkZnM6AFpoYW5nLTIwMDgucGRmAA4AHgAOAFoAaABhAG4AZwAtADIAMAAwADgALgBwAGQAZgAPABoADABNAGEAYwBpAG4AdABvAHMAaAAgAEgARAASADNVc2Vycy93ZXNsZXkvZ2l0L2d3ci9yZWZlcmVuY2VzL3BkZnMvWmhhbmctMjAwOC5wZGYAABMAAS8AABUAAgAN//8AAIAG0hscHR5aJGNsYXNzbmFtZVgkY2xhc3Nlc11OU011dGFibGVEYXRhox0fIFZOU0RhdGFYTlNPYmplY3TSGxwiI1xOU0RpY3Rpb25hcnmiIiBfEA9OU0tleWVkQXJjaGl2ZXLRJidUcm9vdIABAAgAEQAaACMALQAyADcAQABGAE0AVQBgAGcAagBsAG4AcQBzAHUAdwCEAI4ApACpALECWQJbAmACawJ0AoIChgKNApYCmwKoAqsCvQLAAsUAAAAAAAACAQAAAAAAAAAoAAAAAAAAAAAAAAAAAAACxw==}}

@book{Wahba:1990,
	Author = {Grace Wahba},
	Date-Added = {2013-04-12 17:28:00 +0000},
	Date-Modified = {2013-04-12 17:28:40 +0000},
	Publisher = {Institute of Mathematical Sciences},
	Title = {Spline models for observational data},
	Year = {1990}}

@article{Brundson:1998b,
	Author = {Chris Brundson and Stewart Fotheringham and Martin Charlton},
	Date-Added = {2013-04-12 16:41:10 +0000},
	Date-Modified = {2013-05-01 23:08:13 +0000},
	Journal = {The Statistician},
	Number = {3},
	Pages = {431-443},
	Title = {Geographically weighted regression - modeling spatial nonstationarity},
	Volume = {47},
	Year = {1998},
	Bdsk-File-1 = {YnBsaXN0MDDUAQIDBAUGJCVYJHZlcnNpb25YJG9iamVjdHNZJGFyY2hpdmVyVCR0b3ASAAGGoKgHCBMUFRYaIVUkbnVsbNMJCgsMDxJXTlMua2V5c1pOUy5vYmplY3RzViRjbGFzc6INDoACgAOiEBGABIAFgAdccmVsYXRpdmVQYXRoWWFsaWFzRGF0YV8QF3BkZnMvQnJ1bmRzb24tMTk5OGIucGRm0hcLGBlXTlMuZGF0YU8RAbQAAAAAAbQAAgAADE1hY2ludG9zaCBIRAAAAAAAAAAAAAAAAAAAAM2WyMxIKwAAABNgBhJCcnVuZHNvbi0xOTk4Yi5wZGYAAAAAAAAAAAAAAAAAAAAAAAAAAAAAAAAAAAAAAAAAAAAAAAAAAAAAAAAAAAAAE2APzfnCmwAAAAAAAAAAAAEAAwAACSAAAAAAAAAAAAAAAAAAAAAEcGRmcwAQAAgAAM2XDxwAAAARAAgAAM36COsAAAABABgAE2AGABNgAgATI0MADpflAA4azQACDeMAAgBKTWFjaW50b3NoIEhEOlVzZXJzOgB3ZXNsZXk6AGdpdDoAZ3dyOgByZWZlcmVuY2VzOgBwZGZzOgBCcnVuZHNvbi0xOTk4Yi5wZGYADgAmABIAQgByAHUAbgBkAHMAbwBuAC0AMQA5ADkAOABiAC4AcABkAGYADwAaAAwATQBhAGMAaQBuAHQAbwBzAGgAIABIAEQAEgA3VXNlcnMvd2VzbGV5L2dpdC9nd3IvcmVmZXJlbmNlcy9wZGZzL0JydW5kc29uLTE5OThiLnBkZgAAEwABLwAAFQACAA3//wAAgAbSGxwdHlokY2xhc3NuYW1lWCRjbGFzc2VzXU5TTXV0YWJsZURhdGGjHR8gVk5TRGF0YVhOU09iamVjdNIbHCIjXE5TRGljdGlvbmFyeaIiIF8QD05TS2V5ZWRBcmNoaXZlctEmJ1Ryb290gAEACAARABoAIwAtADIANwBAAEYATQBVAGAAZwBqAGwAbgBxAHMAdQB3AIQAjgCoAK0AtQJtAm8CdAJ/AogClgKaAqECqgKvArwCvwLRAtQC2QAAAAAAAAIBAAAAAAAAACgAAAAAAAAAAAAAAAAAAALb}}

@article{Hastie:1986,
	Author = {Trevor Hastie and Robert Tibshirani},
	Date-Added = {2013-04-12 16:02:05 +0000},
	Date-Modified = {2013-04-12 16:03:07 +0000},
	Journal = {Statistical Science},
	Number = {3},
	Pages = {297-310},
	Title = {Generalized Additive Models},
	Volume = {1},
	Year = {1986},
	Bdsk-File-1 = {YnBsaXN0MDDUAQIDBAUGJCVYJHZlcnNpb25YJG9iamVjdHNZJGFyY2hpdmVyVCR0b3ASAAGGoKgHCBMUFRYaIVUkbnVsbNMJCgsMDxJXTlMua2V5c1pOUy5vYmplY3RzViRjbGFzc6INDoACgAOiEBGABIAFgAdccmVsYXRpdmVQYXRoWWFsaWFzRGF0YV8QFHBkZnMvSGFzdGllLTE5ODYucGRm0hcLGBlXTlMuZGF0YU8RAagAAAAAAagAAgAADE1hY2ludG9zaCBIRAAAAAAAAAAAAAAAAAAAAM2WyMxIKwAAABNgBg9IYXN0aWUtMTk4Ni5wZGYAAAAAAAAAAAAAAAAAAAAAAAAAAAAAAAAAAAAAAAAAAAAAAAAAAAAAAAAAAAAAAAAAE2AVzfnCnQAAAAAAAAAAAAEAAwAACSAAAAAAAAAAAAAAAAAAAAAEcGRmcwAQAAgAAM2XDxwAAAARAAgAAM36CO0AAAABABgAE2AGABNgAgATI0MADpflAA4azQACDeMAAgBHTWFjaW50b3NoIEhEOlVzZXJzOgB3ZXNsZXk6AGdpdDoAZ3dyOgByZWZlcmVuY2VzOgBwZGZzOgBIYXN0aWUtMTk4Ni5wZGYAAA4AIAAPAEgAYQBzAHQAaQBlAC0AMQA5ADgANgAuAHAAZABmAA8AGgAMAE0AYQBjAGkAbgB0AG8AcwBoACAASABEABIANFVzZXJzL3dlc2xleS9naXQvZ3dyL3JlZmVyZW5jZXMvcGRmcy9IYXN0aWUtMTk4Ni5wZGYAEwABLwAAFQACAA3//wAAgAbSGxwdHlokY2xhc3NuYW1lWCRjbGFzc2VzXU5TTXV0YWJsZURhdGGjHR8gVk5TRGF0YVhOU09iamVjdNIbHCIjXE5TRGljdGlvbmFyeaIiIF8QD05TS2V5ZWRBcmNoaXZlctEmJ1Ryb290gAEACAARABoAIwAtADIANwBAAEYATQBVAGAAZwBqAGwAbgBxAHMAdQB3AIQAjgClAKoAsgJeAmACZQJwAnkChwKLApICmwKgAq0CsALCAsUCygAAAAAAAAIBAAAAAAAAACgAAAAAAAAAAAAAAAAAAALM}}

@article{Akaike:1974,
	Author = {Hirogotu Akaike},
	Date-Added = {2013-02-06 19:49:21 +0000},
	Date-Modified = {2013-02-06 19:50:02 +0000},
	Journal = {IEEE Transactions on Automatic Control},
	Number = {6},
	Pages = {716-723},
	Title = {A new look at the statistical model identification},
	Volume = {19},
	Year = {1974},
	Bdsk-File-1 = {YnBsaXN0MDDUAQIDBAUGJCVYJHZlcnNpb25YJG9iamVjdHNZJGFyY2hpdmVyVCR0b3ASAAGGoKgHCBMUFRYaIVUkbnVsbNMJCgsMDxJXTlMua2V5c1pOUy5vYmplY3RzViRjbGFzc6INDoACgAOiEBGABIAFgAdccmVsYXRpdmVQYXRoWWFsaWFzRGF0YV8QFHBkZnMvQWthaWtlLTE5NzQucGRm0hcLGBlXTlMuZGF0YU8RAagAAAAAAagAAgAADE1hY2ludG9zaCBIRAAAAAAAAAAAAAAAAAAAAM2WyMxIKwAAABNgBg9Ba2Fpa2UtMTk3NC5wZGYAAAAAAAAAAAAAAAAAAAAAAAAAAAAAAAAAAAAAAAAAAAAAAAAAAAAAAAAAAAAAAAAAE2AIzfnCmwAAAAAAAAAAAAEAAwAACSAAAAAAAAAAAAAAAAAAAAAEcGRmcwAQAAgAAM2XDxwAAAARAAgAAM36COsAAAABABgAE2AGABNgAgATI0MADpflAA4azQACDeMAAgBHTWFjaW50b3NoIEhEOlVzZXJzOgB3ZXNsZXk6AGdpdDoAZ3dyOgByZWZlcmVuY2VzOgBwZGZzOgBBa2Fpa2UtMTk3NC5wZGYAAA4AIAAPAEEAawBhAGkAawBlAC0AMQA5ADcANAAuAHAAZABmAA8AGgAMAE0AYQBjAGkAbgB0AG8AcwBoACAASABEABIANFVzZXJzL3dlc2xleS9naXQvZ3dyL3JlZmVyZW5jZXMvcGRmcy9Ba2Fpa2UtMTk3NC5wZGYAEwABLwAAFQACAA3//wAAgAbSGxwdHlokY2xhc3NuYW1lWCRjbGFzc2VzXU5TTXV0YWJsZURhdGGjHR8gVk5TRGF0YVhOU09iamVjdNIbHCIjXE5TRGljdGlvbmFyeaIiIF8QD05TS2V5ZWRBcmNoaXZlctEmJ1Ryb290gAEACAARABoAIwAtADIANwBAAEYATQBVAGAAZwBqAGwAbgBxAHMAdQB3AIQAjgClAKoAsgJeAmACZQJwAnkChwKLApICmwKgAq0CsALCAsUCygAAAAAAAAIBAAAAAAAAACgAAAAAAAAAAAAAAAAAAALM}}

@article{Efron:2004b,
	Author = {Bradley Efron and Trevor Hastie and Iain Johnstone and Robert Tibshirani},
	Date-Added = {2013-02-06 18:16:47 +0000},
	Date-Modified = {2013-02-06 18:20:44 +0000},
	Journal = {Annals of Statistics},
	Number = {2},
	Pages = {407-499},
	Title = {Least Angle Regression},
	Volume = {32},
	Year = {2004},
	Bdsk-File-1 = {YnBsaXN0MDDUAQIDBAUGJCVYJHZlcnNpb25YJG9iamVjdHNZJGFyY2hpdmVyVCR0b3ASAAGGoKgHCBMUFRYaIVUkbnVsbNMJCgsMDxJXTlMua2V5c1pOUy5vYmplY3RzViRjbGFzc6INDoACgAOiEBGABIAFgAdccmVsYXRpdmVQYXRoWWFsaWFzRGF0YV8QFHBkZnMvZWZyb24tMjAwNGIucGRm0hcLGBlXTlMuZGF0YU8RAagAAAAAAagAAgAADE1hY2ludG9zaCBIRAAAAAAAAAAAAAAAAAAAAM2WyMxIKwAAABNgBg9lZnJvbi0yMDA0Yi5wZGYAAAAAAAAAAAAAAAAAAAAAAAAAAAAAAAAAAAAAAAAAAAAAAAAAAAAAAAAAAAAAAAAAE2A7zfnCoQAAAAAAAAAAAAEAAwAACSAAAAAAAAAAAAAAAAAAAAAEcGRmcwAQAAgAAM2XDxwAAAARAAgAAM36CPEAAAABABgAE2AGABNgAgATI0MADpflAA4azQACDeMAAgBHTWFjaW50b3NoIEhEOlVzZXJzOgB3ZXNsZXk6AGdpdDoAZ3dyOgByZWZlcmVuY2VzOgBwZGZzOgBlZnJvbi0yMDA0Yi5wZGYAAA4AIAAPAGUAZgByAG8AbgAtADIAMAAwADQAYgAuAHAAZABmAA8AGgAMAE0AYQBjAGkAbgB0AG8AcwBoACAASABEABIANFVzZXJzL3dlc2xleS9naXQvZ3dyL3JlZmVyZW5jZXMvcGRmcy9lZnJvbi0yMDA0Yi5wZGYAEwABLwAAFQACAA3//wAAgAbSGxwdHlokY2xhc3NuYW1lWCRjbGFzc2VzXU5TTXV0YWJsZURhdGGjHR8gVk5TRGF0YVhOU09iamVjdNIbHCIjXE5TRGljdGlvbmFyeaIiIF8QD05TS2V5ZWRBcmNoaXZlctEmJ1Ryb290gAEACAARABoAIwAtADIANwBAAEYATQBVAGAAZwBqAGwAbgBxAHMAdQB3AIQAjgClAKoAsgJeAmACZQJwAnkChwKLApICmwKgAq0CsALCAsUCygAAAAAAAAIBAAAAAAAAACgAAAAAAAAAAAAAAAAAAALM}}

@article{Antoniadis:2012b,
	Author = {Anestis Antoniadas and Irene Gijbels and Anneleen Verhasselt},
	Date-Added = {2013-01-18 23:25:45 +0000},
	Date-Modified = {2013-01-18 23:27:03 +0000},
	Journal = {Technometrics},
	Number = {4},
	Pages = {425-438},
	Title = {Variable selection in additive models using p-splines},
	Volume = {54},
	Year = {2012},
	Bdsk-File-1 = {YnBsaXN0MDDUAQIDBAUGJCVYJHZlcnNpb25YJG9iamVjdHNZJGFyY2hpdmVyVCR0b3ASAAGGoKgHCBMUFRYaIVUkbnVsbNMJCgsMDxJXTlMua2V5c1pOUy5vYmplY3RzViRjbGFzc6INDoACgAOiEBGABIAFgAdccmVsYXRpdmVQYXRoWWFsaWFzRGF0YV8QGXBkZnMvQW50b25pYWRpcy0yMDEyYi5wZGbSFwsYGVdOUy5kYXRhTxEBvAAAAAABvAACAAAMTWFjaW50b3NoIEhEAAAAAAAAAAAAAAAAAAAAzZbIzEgrAAAAE2AGFEFudG9uaWFkaXMtMjAxMmIucGRmAAAAAAAAAAAAAAAAAAAAAAAAAAAAAAAAAAAAAAAAAAAAAAAAAAAAAAAAAAATYArN+cKbAAAAAAAAAAAAAQADAAAJIAAAAAAAAAAAAAAAAAAAAARwZGZzABAACAAAzZcPHAAAABEACAAAzfoI6wAAAAEAGAATYAYAE2ACABMjQwAOl+UADhrNAAIN4wACAExNYWNpbnRvc2ggSEQ6VXNlcnM6AHdlc2xleToAZ2l0OgBnd3I6AHJlZmVyZW5jZXM6AHBkZnM6AEFudG9uaWFkaXMtMjAxMmIucGRmAA4AKgAUAEEAbgB0AG8AbgBpAGEAZABpAHMALQAyADAAMQAyAGIALgBwAGQAZgAPABoADABNAGEAYwBpAG4AdABvAHMAaAAgAEgARAASADlVc2Vycy93ZXNsZXkvZ2l0L2d3ci9yZWZlcmVuY2VzL3BkZnMvQW50b25pYWRpcy0yMDEyYi5wZGYAABMAAS8AABUAAgAN//8AAIAG0hscHR5aJGNsYXNzbmFtZVgkY2xhc3Nlc11OU011dGFibGVEYXRhox0fIFZOU0RhdGFYTlNPYmplY3TSGxwiI1xOU0RpY3Rpb25hcnmiIiBfEA9OU0tleWVkQXJjaGl2ZXLRJidUcm9vdIABAAgAEQAaACMALQAyADcAQABGAE0AVQBgAGcAagBsAG4AcQBzAHUAdwCEAI4AqgCvALcCdwJ5An4CiQKSAqACpAKrArQCuQLGAskC2wLeAuMAAAAAAAACAQAAAAAAAAAoAAAAAAAAAAAAAAAAAAAC5Q==}}

@article{Wheeler:2005,
	Author = {David Wheeler and Michael Tiefelsdorf},
	Date-Added = {2013-01-18 18:11:12 +0000},
	Date-Modified = {2013-01-18 18:13:05 +0000},
	Journal = {Journal of Geographical Systems},
	Pages = {161-187},
	Title = {Multicollinearity and correlation among local regression coefficients in geographically weighted regression},
	Volume = {7},
	Year = {2005},
	Bdsk-File-1 = {YnBsaXN0MDDUAQIDBAUGJCVYJHZlcnNpb25YJG9iamVjdHNZJGFyY2hpdmVyVCR0b3ASAAGGoKgHCBMUFRYaIVUkbnVsbNMJCgsMDxJXTlMua2V5c1pOUy5vYmplY3RzViRjbGFzc6INDoACgAOiEBGABIAFgAdccmVsYXRpdmVQYXRoWWFsaWFzRGF0YV8QFXBkZnMvV2hlZWxlci0yMDA1LnBkZtIXCxgZV05TLmRhdGFPEQGsAAAAAAGsAAIAAAxNYWNpbnRvc2ggSEQAAAAAAAAAAAAAAAAAAADNlsjMSCsAAAATYAYQV2hlZWxlci0yMDA1LnBkZgAAAAAAAAAAAAAAAAAAAAAAAAAAAAAAAAAAAAAAAAAAAAAAAAAAAAAAAAAAAAAAABNgLc35wqAAAAAAAAAAAAABAAMAAAkgAAAAAAAAAAAAAAAAAAAABHBkZnMAEAAIAADNlw8cAAAAEQAIAADN+gjwAAAAAQAYABNgBgATYAIAEyNDAA6X5QAOGs0AAg3jAAIASE1hY2ludG9zaCBIRDpVc2VyczoAd2VzbGV5OgBnaXQ6AGd3cjoAcmVmZXJlbmNlczoAcGRmczoAV2hlZWxlci0yMDA1LnBkZgAOACIAEABXAGgAZQBlAGwAZQByAC0AMgAwADAANQAuAHAAZABmAA8AGgAMAE0AYQBjAGkAbgB0AG8AcwBoACAASABEABIANVVzZXJzL3dlc2xleS9naXQvZ3dyL3JlZmVyZW5jZXMvcGRmcy9XaGVlbGVyLTIwMDUucGRmAAATAAEvAAAVAAIADf//AACABtIbHB0eWiRjbGFzc25hbWVYJGNsYXNzZXNdTlNNdXRhYmxlRGF0YaMdHyBWTlNEYXRhWE5TT2JqZWN00hscIiNcTlNEaWN0aW9uYXJ5oiIgXxAPTlNLZXllZEFyY2hpdmVy0SYnVHJvb3SAAQAIABEAGgAjAC0AMgA3AEAARgBNAFUAYABnAGoAbABuAHEAcwB1AHcAhACOAKYAqwCzAmMCZQJqAnUCfgKMApAClwKgAqUCsgK1AscCygLPAAAAAAAAAgEAAAAAAAAAKAAAAAAAAAAAAAAAAAAAAtE=}}

@article{Wang:2008b,
	Author = {Ning Wang and Chang-Lin Mei and Xiao-Dong Yan},
	Date-Added = {2013-01-18 15:30:50 +0000},
	Date-Modified = {2013-01-18 15:33:50 +0000},
	Journal = {Environment and Planning A},
	Pages = {986-1005},
	Title = {Local linear estimation of spatially varying coefficient models: an improvement on the geographically weighted regression technique},
	Volume = {40},
	Year = {2008},
	Bdsk-File-1 = {YnBsaXN0MDDUAQIDBAUGJCVYJHZlcnNpb25YJG9iamVjdHNZJGFyY2hpdmVyVCR0b3ASAAGGoKgHCBMUFRYaIVUkbnVsbNMJCgsMDxJXTlMua2V5c1pOUy5vYmplY3RzViRjbGFzc6INDoACgAOiEBGABIAFgAdccmVsYXRpdmVQYXRoWWFsaWFzRGF0YV8QE3BkZnMvV2FuZy0yMDA4Yi5wZGbSFwsYGVdOUy5kYXRhTxEBpAAAAAABpAACAAAMTWFjaW50b3NoIEhEAAAAAAAAAAAAAAAAAAAAzZbIzEgrAAAAE2AGDldhbmctMjAwOGIucGRmAAAAAAAAAAAAAAAAAAAAAAAAAAAAAAAAAAAAAAAAAAAAAAAAAAAAAAAAAAAAAAAAAAATYCzN+cKfAAAAAAAAAAAAAQADAAAJIAAAAAAAAAAAAAAAAAAAAARwZGZzABAACAAAzZcPHAAAABEACAAAzfoI7wAAAAEAGAATYAYAE2ACABMjQwAOl+UADhrNAAIN4wACAEZNYWNpbnRvc2ggSEQ6VXNlcnM6AHdlc2xleToAZ2l0OgBnd3I6AHJlZmVyZW5jZXM6AHBkZnM6AFdhbmctMjAwOGIucGRmAA4AHgAOAFcAYQBuAGcALQAyADAAMAA4AGIALgBwAGQAZgAPABoADABNAGEAYwBpAG4AdABvAHMAaAAgAEgARAASADNVc2Vycy93ZXNsZXkvZ2l0L2d3ci9yZWZlcmVuY2VzL3BkZnMvV2FuZy0yMDA4Yi5wZGYAABMAAS8AABUAAgAN//8AAIAG0hscHR5aJGNsYXNzbmFtZVgkY2xhc3Nlc11OU011dGFibGVEYXRhox0fIFZOU0RhdGFYTlNPYmplY3TSGxwiI1xOU0RpY3Rpb25hcnmiIiBfEA9OU0tleWVkQXJjaGl2ZXLRJidUcm9vdIABAAgAEQAaACMALQAyADcAQABGAE0AVQBgAGcAagBsAG4AcQBzAHUAdwCEAI4ApACpALECWQJbAmACawJ0AoIChgKNApYCmwKoAqsCvQLAAsUAAAAAAAACAQAAAAAAAAAoAAAAAAAAAAAAAAAAAAACxw==}}

@article{Hastie:1993b,
	Author = {Trevor Hastie and Clive Loader},
	Date-Added = {2013-01-17 16:28:42 +0000},
	Date-Modified = {2013-01-17 16:30:11 +0000},
	Journal = {Statistical Science},
	Number = {2},
	Pages = {120-143},
	Title = {Local regression: automatic kernel carpentry},
	Volume = {8},
	Year = {1993},
	Bdsk-File-1 = {YnBsaXN0MDDUAQIDBAUGJCVYJHZlcnNpb25YJG9iamVjdHNZJGFyY2hpdmVyVCR0b3ASAAGGoKgHCBMUFRYaIVUkbnVsbNMJCgsMDxJXTlMua2V5c1pOUy5vYmplY3RzViRjbGFzc6INDoACgAOiEBGABIAFgAdccmVsYXRpdmVQYXRoWWFsaWFzRGF0YV8QFXBkZnMvSGFzdGllLTE5OTNiLnBkZtIXCxgZV05TLmRhdGFPEQGsAAAAAAGsAAIAAAxNYWNpbnRvc2ggSEQAAAAAAAAAAAAAAAAAAADNlsjMSCsAAAATYAYQSGFzdGllLTE5OTNiLnBkZgAAAAAAAAAAAAAAAAAAAAAAAAAAAAAAAAAAAAAAAAAAAAAAAAAAAAAAAAAAAAAAABNgFs35wp0AAAAAAAAAAAABAAMAAAkgAAAAAAAAAAAAAAAAAAAABHBkZnMAEAAIAADNlw8cAAAAEQAIAADN+gjtAAAAAQAYABNgBgATYAIAEyNDAA6X5QAOGs0AAg3jAAIASE1hY2ludG9zaCBIRDpVc2VyczoAd2VzbGV5OgBnaXQ6AGd3cjoAcmVmZXJlbmNlczoAcGRmczoASGFzdGllLTE5OTNiLnBkZgAOACIAEABIAGEAcwB0AGkAZQAtADEAOQA5ADMAYgAuAHAAZABmAA8AGgAMAE0AYQBjAGkAbgB0AG8AcwBoACAASABEABIANVVzZXJzL3dlc2xleS9naXQvZ3dyL3JlZmVyZW5jZXMvcGRmcy9IYXN0aWUtMTk5M2IucGRmAAATAAEvAAAVAAIADf//AACABtIbHB0eWiRjbGFzc25hbWVYJGNsYXNzZXNdTlNNdXRhYmxlRGF0YaMdHyBWTlNEYXRhWE5TT2JqZWN00hscIiNcTlNEaWN0aW9uYXJ5oiIgXxAPTlNLZXllZEFyY2hpdmVy0SYnVHJvb3SAAQAIABEAGgAjAC0AMgA3AEAARgBNAFUAYABnAGoAbABuAHEAcwB1AHcAhACOAKYAqwCzAmMCZQJqAnUCfgKMApAClwKgAqUCsgK1AscCygLPAAAAAAAAAgEAAAAAAAAAKAAAAAAAAAAAAAAAAAAAAtE=}}

@article{Hunsberger:1994,
	Author = {Sally Hunsberger},
	Date-Added = {2012-12-28 18:21:41 +0000},
	Date-Modified = {2012-12-28 18:22:57 +0000},
	Journal = {Journal of the American Statistical Association},
	Keywords = {weighted likelihood},
	Number = {428},
	Pages = {1354-1365},
	Title = {Semiparametric regression in likelihood-based models},
	Volume = {89},
	Year = {1994},
	Bdsk-File-1 = {YnBsaXN0MDDUAQIDBAUGJCVYJHZlcnNpb25YJG9iamVjdHNZJGFyY2hpdmVyVCR0b3ASAAGGoKgHCBMUFRYaIVUkbnVsbNMJCgsMDxJXTlMua2V5c1pOUy5vYmplY3RzViRjbGFzc6INDoACgAOiEBGABIAFgAdccmVsYXRpdmVQYXRoWWFsaWFzRGF0YV8QGHBkZnMvSHVuc2Jlcmdlci0xOTk0LnBkZtIXCxgZV05TLmRhdGFPEQG4AAAAAAG4AAIAAAxNYWNpbnRvc2ggSEQAAAAAAAAAAAAAAAAAAADNlsjMSCsAAAATYAYTSHVuc2Jlcmdlci0xOTk0LnBkZgAAAAAAAAAAAAAAAAAAAAAAAAAAAAAAAAAAAAAAAAAAAAAAAAAAAAAAAAAAABNgGc35wp0AAAAAAAAAAAABAAMAAAkgAAAAAAAAAAAAAAAAAAAABHBkZnMAEAAIAADNlw8cAAAAEQAIAADN+gjtAAAAAQAYABNgBgATYAIAEyNDAA6X5QAOGs0AAg3jAAIAS01hY2ludG9zaCBIRDpVc2VyczoAd2VzbGV5OgBnaXQ6AGd3cjoAcmVmZXJlbmNlczoAcGRmczoASHVuc2Jlcmdlci0xOTk0LnBkZgAADgAoABMASAB1AG4AcwBiAGUAcgBnAGUAcgAtADEAOQA5ADQALgBwAGQAZgAPABoADABNAGEAYwBpAG4AdABvAHMAaAAgAEgARAASADhVc2Vycy93ZXNsZXkvZ2l0L2d3ci9yZWZlcmVuY2VzL3BkZnMvSHVuc2Jlcmdlci0xOTk0LnBkZgATAAEvAAAVAAIADf//AACABtIbHB0eWiRjbGFzc25hbWVYJGNsYXNzZXNdTlNNdXRhYmxlRGF0YaMdHyBWTlNEYXRhWE5TT2JqZWN00hscIiNcTlNEaWN0aW9uYXJ5oiIgXxAPTlNLZXllZEFyY2hpdmVy0SYnVHJvb3SAAQAIABEAGgAjAC0AMgA3AEAARgBNAFUAYABnAGoAbABuAHEAcwB1AHcAhACOAKkArgC2AnICdAJ5AoQCjQKbAp8CpgKvArQCwQLEAtYC2QLeAAAAAAAAAgEAAAAAAAAAKAAAAAAAAAAAAAAAAAAAAuA=}}

@article{Breslow:1997,
	Author = {Norman Breslow and Richard Holubkov},
	Date-Added = {2012-12-28 17:24:31 +0000},
	Date-Modified = {2012-12-28 17:28:00 +0000},
	Journal = {Statistics in Medicine},
	Keywords = {weighted likelihood},
	Pages = {103-116},
	Title = {Weighted likelihood, pseudo-likelihood, and maximum likelihood mothods for logistic regression analysis of two-stage data},
	Volume = {16},
	Year = {1997},
	Bdsk-File-1 = {YnBsaXN0MDDUAQIDBAUGJCVYJHZlcnNpb25YJG9iamVjdHNZJGFyY2hpdmVyVCR0b3ASAAGGoKgHCBMUFRYaIVUkbnVsbNMJCgsMDxJXTlMua2V5c1pOUy5vYmplY3RzViRjbGFzc6INDoACgAOiEBGABIAFgAdccmVsYXRpdmVQYXRoWWFsaWFzRGF0YV8QFXBkZnMvQnJlc2xvdy0xOTk3LnBkZtIXCxgZV05TLmRhdGFPEQGsAAAAAAGsAAIAAAxNYWNpbnRvc2ggSEQAAAAAAAAAAAAAAAAAAADNlsjMSCsAAAATYAYQQnJlc2xvdy0xOTk3LnBkZgAAAAAAAAAAAAAAAAAAAAAAAAAAAAAAAAAAAAAAAAAAAAAAAAAAAAAAAAAAAAAAABNgDM35wpsAAAAAAAAAAAABAAMAAAkgAAAAAAAAAAAAAAAAAAAABHBkZnMAEAAIAADNlw8cAAAAEQAIAADN+gjrAAAAAQAYABNgBgATYAIAEyNDAA6X5QAOGs0AAg3jAAIASE1hY2ludG9zaCBIRDpVc2VyczoAd2VzbGV5OgBnaXQ6AGd3cjoAcmVmZXJlbmNlczoAcGRmczoAQnJlc2xvdy0xOTk3LnBkZgAOACIAEABCAHIAZQBzAGwAbwB3AC0AMQA5ADkANwAuAHAAZABmAA8AGgAMAE0AYQBjAGkAbgB0AG8AcwBoACAASABEABIANVVzZXJzL3dlc2xleS9naXQvZ3dyL3JlZmVyZW5jZXMvcGRmcy9CcmVzbG93LTE5OTcucGRmAAATAAEvAAAVAAIADf//AACABtIbHB0eWiRjbGFzc25hbWVYJGNsYXNzZXNdTlNNdXRhYmxlRGF0YaMdHyBWTlNEYXRhWE5TT2JqZWN00hscIiNcTlNEaWN0aW9uYXJ5oiIgXxAPTlNLZXllZEFyY2hpdmVy0SYnVHJvb3SAAQAIABEAGgAjAC0AMgA3AEAARgBNAFUAYABnAGoAbABuAHEAcwB1AHcAhACOAKYAqwCzAmMCZQJqAnUCfgKMApAClwKgAqUCsgK1AscCygLPAAAAAAAAAgEAAAAAAAAAKAAAAAAAAAAAAAAAAAAAAtE=}}

@article{Markatou:2000,
	Author = {Marianthi Markatou},
	Date-Added = {2012-12-28 17:21:52 +0000},
	Date-Modified = {2012-12-28 17:23:00 +0000},
	Journal = {Biometrics},
	Keywords = {weighted likelihood},
	Pages = {483-486},
	Title = {Mixture models, robustness, and the weighted likelihood methodology},
	Volume = {56},
	Year = {2000},
	Bdsk-File-1 = {YnBsaXN0MDDUAQIDBAUGJCVYJHZlcnNpb25YJG9iamVjdHNZJGFyY2hpdmVyVCR0b3ASAAGGoKgHCBMUFRYaIVUkbnVsbNMJCgsMDxJXTlMua2V5c1pOUy5vYmplY3RzViRjbGFzc6INDoACgAOiEBGABIAFgAdccmVsYXRpdmVQYXRoWWFsaWFzRGF0YV8QFnBkZnMvTWFya2F0b3UtMjAwMC5wZGbSFwsYGVdOUy5kYXRhTxEBsAAAAAABsAACAAAMTWFjaW50b3NoIEhEAAAAAAAAAAAAAAAAAAAAzZbIzEgrAAAAE2AGEU1hcmthdG91LTIwMDAucGRmAAAAAAAAAAAAAAAAAAAAAAAAAAAAAAAAAAAAAAAAAAAAAAAAAAAAAAAAAAAAAAATYB/N+cKdAAAAAAAAAAAAAQADAAAJIAAAAAAAAAAAAAAAAAAAAARwZGZzABAACAAAzZcPHAAAABEACAAAzfoI7QAAAAEAGAATYAYAE2ACABMjQwAOl+UADhrNAAIN4wACAElNYWNpbnRvc2ggSEQ6VXNlcnM6AHdlc2xleToAZ2l0OgBnd3I6AHJlZmVyZW5jZXM6AHBkZnM6AE1hcmthdG91LTIwMDAucGRmAAAOACQAEQBNAGEAcgBrAGEAdABvAHUALQAyADAAMAAwAC4AcABkAGYADwAaAAwATQBhAGMAaQBuAHQAbwBzAGgAIABIAEQAEgA2VXNlcnMvd2VzbGV5L2dpdC9nd3IvcmVmZXJlbmNlcy9wZGZzL01hcmthdG91LTIwMDAucGRmABMAAS8AABUAAgAN//8AAIAG0hscHR5aJGNsYXNzbmFtZVgkY2xhc3Nlc11OU011dGFibGVEYXRhox0fIFZOU0RhdGFYTlNPYmplY3TSGxwiI1xOU0RpY3Rpb25hcnmiIiBfEA9OU0tleWVkQXJjaGl2ZXLRJidUcm9vdIABAAgAEQAaACMALQAyADcAQABGAE0AVQBgAGcAagBsAG4AcQBzAHUAdwCEAI4ApwCsALQCaAJqAm8CegKDApEClQKcAqUCqgK3AroCzALPAtQAAAAAAAACAQAAAAAAAAAoAAAAAAAAAAAAAAAAAAAC1g==}}

@phdthesis{Wang:2001,
	Author = {Steven X. Wang},
	Date-Added = {2012-12-28 17:19:58 +0000},
	Date-Modified = {2012-12-28 17:23:28 +0000},
	Keywords = {weighted likelihood},
	School = {University of British Columbia},
	Title = {Maximum weighted likelihood estimation},
	Year = {2001},
	Bdsk-File-1 = {YnBsaXN0MDDUAQIDBAUGJCVYJHZlcnNpb25YJG9iamVjdHNZJGFyY2hpdmVyVCR0b3ASAAGGoKgHCBMUFRYaIVUkbnVsbNMJCgsMDxJXTlMua2V5c1pOUy5vYmplY3RzViRjbGFzc6INDoACgAOiEBGABIAFgAdccmVsYXRpdmVQYXRoWWFsaWFzRGF0YV8QEnBkZnMvV2FuZy0yMDAxLnBkZtIXCxgZV05TLmRhdGFPEQGgAAAAAAGgAAIAAAxNYWNpbnRvc2ggSEQAAAAAAAAAAAAAAAAAAADNlsjMSCsAAAATYAYNV2FuZy0yMDAxLnBkZgAAAAAAAAAAAAAAAAAAAAAAAAAAAAAAAAAAAAAAAAAAAAAAAAAAAAAAAAAAAAAAAAAAABNgKc35wp4AAAAAAAAAAAABAAMAAAkgAAAAAAAAAAAAAAAAAAAABHBkZnMAEAAIAADNlw8cAAAAEQAIAADN+gjuAAAAAQAYABNgBgATYAIAEyNDAA6X5QAOGs0AAg3jAAIARU1hY2ludG9zaCBIRDpVc2VyczoAd2VzbGV5OgBnaXQ6AGd3cjoAcmVmZXJlbmNlczoAcGRmczoAV2FuZy0yMDAxLnBkZgAADgAcAA0AVwBhAG4AZwAtADIAMAAwADEALgBwAGQAZgAPABoADABNAGEAYwBpAG4AdABvAHMAaAAgAEgARAASADJVc2Vycy93ZXNsZXkvZ2l0L2d3ci9yZWZlcmVuY2VzL3BkZnMvV2FuZy0yMDAxLnBkZgATAAEvAAAVAAIADf//AACABtIbHB0eWiRjbGFzc25hbWVYJGNsYXNzZXNdTlNNdXRhYmxlRGF0YaMdHyBWTlNEYXRhWE5TT2JqZWN00hscIiNcTlNEaWN0aW9uYXJ5oiIgXxAPTlNLZXllZEFyY2hpdmVy0SYnVHJvb3SAAQAIABEAGgAjAC0AMgA3AEAARgBNAFUAYABnAGoAbABuAHEAcwB1AHcAhACOAKMAqACwAlQCVgJbAmYCbwJ9AoECiAKRApYCowKmArgCuwLAAAAAAAAAAgEAAAAAAAAAKAAAAAAAAAAAAAAAAAAAAsI=}}

@article{Hu:2002,
	Author = {Feifang Hu and James V. Zizek},
	Date-Added = {2012-12-28 17:17:07 +0000},
	Date-Modified = {2012-12-28 17:23:14 +0000},
	Journal = {The Canadian Journal of Statistics},
	Keywords = {weighted likelihood},
	Number = {3},
	Pages = {347-371},
	Title = {The weighed likelihood},
	Volume = {30},
	Year = {2002},
	Bdsk-File-1 = {YnBsaXN0MDDUAQIDBAUGJCVYJHZlcnNpb25YJG9iamVjdHNZJGFyY2hpdmVyVCR0b3ASAAGGoKgHCBMUFRYaIVUkbnVsbNMJCgsMDxJXTlMua2V5c1pOUy5vYmplY3RzViRjbGFzc6INDoACgAOiEBGABIAFgAdccmVsYXRpdmVQYXRoWWFsaWFzRGF0YV8QEHBkZnMvSHUtMjAwMi5wZGbSFwsYGVdOUy5kYXRhTxEBmAAAAAABmAACAAAMTWFjaW50b3NoIEhEAAAAAAAAAAAAAAAAAAAAzZbIzEgrAAAAE2AGC0h1LTIwMDIucGRmAAAAAAAAAAAAAAAAAAAAAAAAAAAAAAAAAAAAAAAAAAAAAAAAAAAAAAAAAAAAAAAAAAAAAAATYBjN+cKdAAAAAAAAAAAAAQADAAAJIAAAAAAAAAAAAAAAAAAAAARwZGZzABAACAAAzZcPHAAAABEACAAAzfoI7QAAAAEAGAATYAYAE2ACABMjQwAOl+UADhrNAAIN4wACAENNYWNpbnRvc2ggSEQ6VXNlcnM6AHdlc2xleToAZ2l0OgBnd3I6AHJlZmVyZW5jZXM6AHBkZnM6AEh1LTIwMDIucGRmAAAOABgACwBIAHUALQAyADAAMAAyAC4AcABkAGYADwAaAAwATQBhAGMAaQBuAHQAbwBzAGgAIABIAEQAEgAwVXNlcnMvd2VzbGV5L2dpdC9nd3IvcmVmZXJlbmNlcy9wZGZzL0h1LTIwMDIucGRmABMAAS8AABUAAgAN//8AAIAG0hscHR5aJGNsYXNzbmFtZVgkY2xhc3Nlc11OU011dGFibGVEYXRhox0fIFZOU0RhdGFYTlNPYmplY3TSGxwiI1xOU0RpY3Rpb25hcnmiIiBfEA9OU0tleWVkQXJjaGl2ZXLRJidUcm9vdIABAAgAEQAaACMALQAyADcAQABGAE0AVQBgAGcAagBsAG4AcQBzAHUAdwCEAI4AoQCmAK4CSgJMAlECXAJlAnMCdwJ+AocCjAKZApwCrgKxArYAAAAAAAACAQAAAAAAAAAoAAAAAAAAAAAAAAAAAAACuA==}}

@article{Brillinger:1977,
	Author = {David R. Brillinger},
	Date-Added = {2012-12-26 23:37:43 +0000},
	Date-Modified = {2012-12-26 23:39:29 +0000},
	Journal = {Annals of Statistics},
	Number = {4},
	Pages = {622-623},
	Title = {Consistent nonparametric regression (discussion following)},
	Volume = {5},
	Year = {1977},
	Bdsk-File-1 = {YnBsaXN0MDDUAQIDBAUGJCVYJHZlcnNpb25YJG9iamVjdHNZJGFyY2hpdmVyVCR0b3ASAAGGoKgHCBMUFRYaIVUkbnVsbNMJCgsMDxJXTlMua2V5c1pOUy5vYmplY3RzViRjbGFzc6INDoACgAOiEBGABIAFgAdccmVsYXRpdmVQYXRoWWFsaWFzRGF0YV8QHnBkZnMvc3RvbmUtMTk3Ny1kaXNjdXNzaW9uLnBkZtIXCxgZV05TLmRhdGFPEQHQAAAAAAHQAAIAAAxNYWNpbnRvc2ggSEQAAAAAAAAAAAAAAAAAAADNlsjMSCsAAAATYAYZc3RvbmUtMTk3Ny1kaXNjdXNzaW9uLnBkZgAAAAAAAAAAAAAAAAAAAAAAAAAAAAAAAAAAAAAAAAAAAAAAAAAAABNgT835wqMAAAAAAAAAAAABAAMAAAkgAAAAAAAAAAAAAAAAAAAABHBkZnMAEAAIAADNlw8cAAAAEQAIAADN+gjzAAAAAQAYABNgBgATYAIAEyNDAA6X5QAOGs0AAg3jAAIAUU1hY2ludG9zaCBIRDpVc2VyczoAd2VzbGV5OgBnaXQ6AGd3cjoAcmVmZXJlbmNlczoAcGRmczoAc3RvbmUtMTk3Ny1kaXNjdXNzaW9uLnBkZgAADgA0ABkAcwB0AG8AbgBlAC0AMQA5ADcANwAtAGQAaQBzAGMAdQBzAHMAaQBvAG4ALgBwAGQAZgAPABoADABNAGEAYwBpAG4AdABvAHMAaAAgAEgARAASAD5Vc2Vycy93ZXNsZXkvZ2l0L2d3ci9yZWZlcmVuY2VzL3BkZnMvc3RvbmUtMTk3Ny1kaXNjdXNzaW9uLnBkZgATAAEvAAAVAAIADf//AACABtIbHB0eWiRjbGFzc25hbWVYJGNsYXNzZXNdTlNNdXRhYmxlRGF0YaMdHyBWTlNEYXRhWE5TT2JqZWN00hscIiNcTlNEaWN0aW9uYXJ5oiIgXxAPTlNLZXllZEFyY2hpdmVy0SYnVHJvb3SAAQAIABEAGgAjAC0AMgA3AEAARgBNAFUAYABnAGoAbABuAHEAcwB1AHcAhACOAK8AtAC8ApACkgKXAqICqwK5Ar0CxALNAtIC3wLiAvQC9wL8AAAAAAAAAgEAAAAAAAAAKAAAAAAAAAAAAAAAAAAAAv4=}}

@article{Stone:1977,
	Author = {Charls J. Stone},
	Date-Added = {2012-12-26 23:35:32 +0000},
	Date-Modified = {2012-12-26 23:41:30 +0000},
	Journal = {Annals of Statistics},
	Number = {4},
	Pages = {595-620},
	Title = {Consistent nonparametric regression},
	Volume = {5},
	Year = {1977},
	Bdsk-File-1 = {YnBsaXN0MDDUAQIDBAUGJCVYJHZlcnNpb25YJG9iamVjdHNZJGFyY2hpdmVyVCR0b3ASAAGGoKgHCBMUFRYaIVUkbnVsbNMJCgsMDxJXTlMua2V5c1pOUy5vYmplY3RzViRjbGFzc6INDoACgAOiEBGABIAFgAdccmVsYXRpdmVQYXRoWWFsaWFzRGF0YV8QE3BkZnMvc3RvbmUtMTk3Ny5wZGbSFwsYGVdOUy5kYXRhTxEBpAAAAAABpAACAAAMTWFjaW50b3NoIEhEAAAAAAAAAAAAAAAAAAAAzZbIzEgrAAAAE2AGDnN0b25lLTE5NzcucGRmAAAAAAAAAAAAAAAAAAAAAAAAAAAAAAAAAAAAAAAAAAAAAAAAAAAAAAAAAAAAAAAAAAATYFDN+cKkAAAAAAAAAAAAAQADAAAJIAAAAAAAAAAAAAAAAAAAAARwZGZzABAACAAAzZcPHAAAABEACAAAzfoI9AAAAAEAGAATYAYAE2ACABMjQwAOl+UADhrNAAIN4wACAEZNYWNpbnRvc2ggSEQ6VXNlcnM6AHdlc2xleToAZ2l0OgBnd3I6AHJlZmVyZW5jZXM6AHBkZnM6AHN0b25lLTE5NzcucGRmAA4AHgAOAHMAdABvAG4AZQAtADEAOQA3ADcALgBwAGQAZgAPABoADABNAGEAYwBpAG4AdABvAHMAaAAgAEgARAASADNVc2Vycy93ZXNsZXkvZ2l0L2d3ci9yZWZlcmVuY2VzL3BkZnMvc3RvbmUtMTk3Ny5wZGYAABMAAS8AABUAAgAN//8AAIAG0hscHR5aJGNsYXNzbmFtZVgkY2xhc3Nlc11OU011dGFibGVEYXRhox0fIFZOU0RhdGFYTlNPYmplY3TSGxwiI1xOU0RpY3Rpb25hcnmiIiBfEA9OU0tleWVkQXJjaGl2ZXLRJidUcm9vdIABAAgAEQAaACMALQAyADcAQABGAE0AVQBgAGcAagBsAG4AcQBzAHUAdwCEAI4ApACpALECWQJbAmACawJ0AoIChgKNApYCmwKoAqsCvQLAAsUAAAAAAAACAQAAAAAAAAAoAAAAAAAAAAAAAAAAAAACxw==}}

@article{Breiman:1995,
	Author = {Leo Breiman},
	Date-Added = {2012-12-21 18:50:59 +0000},
	Date-Modified = {2013-02-07 18:51:31 +0000},
	Journal = {Technometrics},
	Pages = {373-384},
	Title = {Better subset regression using the nonnegative garrote},
	Volume = {51},
	Year = {1995},
	Bdsk-File-1 = {YnBsaXN0MDDUAQIDBAUGJCVYJHZlcnNpb25YJG9iamVjdHNZJGFyY2hpdmVyVCR0b3ASAAGGoKgHCBMUFRYaIVUkbnVsbNMJCgsMDxJXTlMua2V5c1pOUy5vYmplY3RzViRjbGFzc6INDoACgAOiEBGABIAFgAdccmVsYXRpdmVQYXRoWWFsaWFzRGF0YV8QFXBkZnMvQnJlaW1hbi0xOTk1LnBkZtIXCxgZV05TLmRhdGFPEQGsAAAAAAGsAAIAAAxNYWNpbnRvc2ggSEQAAAAAAAAAAAAAAAAAAADNlsjMSCsAAAATYAYQQnJlaW1hbi0xOTk1LnBkZgAAAAAAAAAAAAAAAAAAAAAAAAAAAAAAAAAAAAAAAAAAAAAAAAAAAAAAAAAAAAAAABNgC835wpsAAAAAAAAAAAABAAMAAAkgAAAAAAAAAAAAAAAAAAAABHBkZnMAEAAIAADNlw8cAAAAEQAIAADN+gjrAAAAAQAYABNgBgATYAIAEyNDAA6X5QAOGs0AAg3jAAIASE1hY2ludG9zaCBIRDpVc2VyczoAd2VzbGV5OgBnaXQ6AGd3cjoAcmVmZXJlbmNlczoAcGRmczoAQnJlaW1hbi0xOTk1LnBkZgAOACIAEABCAHIAZQBpAG0AYQBuAC0AMQA5ADkANQAuAHAAZABmAA8AGgAMAE0AYQBjAGkAbgB0AG8AcwBoACAASABEABIANVVzZXJzL3dlc2xleS9naXQvZ3dyL3JlZmVyZW5jZXMvcGRmcy9CcmVpbWFuLTE5OTUucGRmAAATAAEvAAAVAAIADf//AACABtIbHB0eWiRjbGFzc25hbWVYJGNsYXNzZXNdTlNNdXRhYmxlRGF0YaMdHyBWTlNEYXRhWE5TT2JqZWN00hscIiNcTlNEaWN0aW9uYXJ5oiIgXxAPTlNLZXllZEFyY2hpdmVy0SYnVHJvb3SAAQAIABEAGgAjAC0AMgA3AEAARgBNAFUAYABnAGoAbABuAHEAcwB1AHcAhACOAKYAqwCzAmMCZQJqAnUCfgKMApAClwKgAqUCsgK1AscCygLPAAAAAAAAAgEAAAAAAAAAKAAAAAAAAAAAAAAAAAAAAtE=}}

@book{Loader:1999,
	Author = {Clive Loader},
	Date-Added = {2012-12-21 18:30:06 +0000},
	Date-Modified = {2012-12-21 18:30:43 +0000},
	Publisher = {Springer New York},
	Title = {Local regression and likelihood},
	Year = {1999},
	Bdsk-File-1 = {YnBsaXN0MDDUAQIDBAUGJCVYJHZlcnNpb25YJG9iamVjdHNZJGFyY2hpdmVyVCR0b3ASAAGGoKgHCBMUFRYaIVUkbnVsbNMJCgsMDxJXTlMua2V5c1pOUy5vYmplY3RzViRjbGFzc6INDoACgAOiEBGABIAFgAdccmVsYXRpdmVQYXRoWWFsaWFzRGF0YV8QFHBkZnMvTG9hZGVyLTE5OTkucGRm0hcLGBlXTlMuZGF0YU8RAagAAAAAAagAAgAADE1hY2ludG9zaCBIRAAAAAAAAAAAAAAAAAAAAM2WyMxIKwAAABNgBg9Mb2FkZXItMTk5OS5wZGYAAAAAAAAAAAAAAAAAAAAAAAAAAAAAAAAAAAAAAAAAAAAAAAAAAAAAAAAAAAAAAAAAE2AbzfnCnQAAAAAAAAAAAAEAAwAACSAAAAAAAAAAAAAAAAAAAAAEcGRmcwAQAAgAAM2XDxwAAAARAAgAAM36CO0AAAABABgAE2AGABNgAgATI0MADpflAA4azQACDeMAAgBHTWFjaW50b3NoIEhEOlVzZXJzOgB3ZXNsZXk6AGdpdDoAZ3dyOgByZWZlcmVuY2VzOgBwZGZzOgBMb2FkZXItMTk5OS5wZGYAAA4AIAAPAEwAbwBhAGQAZQByAC0AMQA5ADkAOQAuAHAAZABmAA8AGgAMAE0AYQBjAGkAbgB0AG8AcwBoACAASABEABIANFVzZXJzL3dlc2xleS9naXQvZ3dyL3JlZmVyZW5jZXMvcGRmcy9Mb2FkZXItMTk5OS5wZGYAEwABLwAAFQACAA3//wAAgAbSGxwdHlokY2xhc3NuYW1lWCRjbGFzc2VzXU5TTXV0YWJsZURhdGGjHR8gVk5TRGF0YVhOU09iamVjdNIbHCIjXE5TRGljdGlvbmFyeaIiIF8QD05TS2V5ZWRBcmNoaXZlctEmJ1Ryb290gAEACAARABoAIwAtADIANwBAAEYATQBVAGAAZwBqAGwAbgBxAHMAdQB3AIQAjgClAKoAsgJeAmACZQJwAnkChwKLApICmwKgAq0CsALCAsUCygAAAAAAAAIBAAAAAAAAACgAAAAAAAAAAAAAAAAAAALM}}

@book{Efron:1993,
	Author = {Bradley Efron and Robert Tibshirani},
	Date-Added = {2012-11-09 15:54:52 +0000},
	Date-Modified = {2012-11-09 15:56:04 +0000},
	Publisher = {Chapman & Hall CRC},
	Title = {An introduction to the bootstrap},
	Year = {1993}}

@article{Efron:1986,
	Author = {Bradley Efron and Robert Tibshirani},
	Date-Added = {2012-11-09 15:52:57 +0000},
	Date-Modified = {2012-11-09 15:54:18 +0000},
	Journal = {Statistical Science},
	Number = {1},
	Pages = {54-75},
	Title = {Bootstrap methods for standard errors, confidence intervals, and other measures of statistical accuracy},
	Volume = {1},
	Year = {1986},
	Bdsk-File-1 = {YnBsaXN0MDDUAQIDBAUGJCVYJHZlcnNpb25YJG9iamVjdHNZJGFyY2hpdmVyVCR0b3ASAAGGoKgHCBMUFRYaIVUkbnVsbNMJCgsMDxJXTlMua2V5c1pOUy5vYmplY3RzViRjbGFzc6INDoACgAOiEBGABIAFgAdccmVsYXRpdmVQYXRoWWFsaWFzRGF0YV8QEnBkZnMvRWZyb24xOTg2LnBkZtIXCxgZV05TLmRhdGFPEQGgAAAAAAGgAAIAAAxNYWNpbnRvc2ggSEQAAAAAAAAAAAAAAAAAAADNlsjMSCsAAAATYAYNRWZyb24xOTg2LnBkZgAAAAAAAAAAAAAAAAAAAAAAAAAAAAAAAAAAAAAAAAAAAAAAAAAAAAAAAAAAAAAAAAAAABNgEc35wpwAAAAAAAAAAAABAAMAAAkgAAAAAAAAAAAAAAAAAAAABHBkZnMAEAAIAADNlw8cAAAAEQAIAADN+gjsAAAAAQAYABNgBgATYAIAEyNDAA6X5QAOGs0AAg3jAAIARU1hY2ludG9zaCBIRDpVc2VyczoAd2VzbGV5OgBnaXQ6AGd3cjoAcmVmZXJlbmNlczoAcGRmczoARWZyb24xOTg2LnBkZgAADgAcAA0ARQBmAHIAbwBuADEAOQA4ADYALgBwAGQAZgAPABoADABNAGEAYwBpAG4AdABvAHMAaAAgAEgARAASADJVc2Vycy93ZXNsZXkvZ2l0L2d3ci9yZWZlcmVuY2VzL3BkZnMvRWZyb24xOTg2LnBkZgATAAEvAAAVAAIADf//AACABtIbHB0eWiRjbGFzc25hbWVYJGNsYXNzZXNdTlNNdXRhYmxlRGF0YaMdHyBWTlNEYXRhWE5TT2JqZWN00hscIiNcTlNEaWN0aW9uYXJ5oiIgXxAPTlNLZXllZEFyY2hpdmVy0SYnVHJvb3SAAQAIABEAGgAjAC0AMgA3AEAARgBNAFUAYABnAGoAbABuAHEAcwB1AHcAhACOAKMAqACwAlQCVgJbAmYCbwJ9AoECiAKRApYCowKmArgCuwLAAAAAAAAAAgEAAAAAAAAAKAAAAAAAAAAAAAAAAAAAAsI=}}

@article{Tibshirani:1996,
	Author = {Robert Tibshirani},
	Date-Added = {2012-10-31 20:29:58 +0000},
	Date-Modified = {2012-11-02 16:22:42 +0000},
	Journal = {Journal of the Royal Statistical Society. Series B (Methodological)},
	Pages = {267-288},
	Title = {Regression shrinkage and selection via the lasso},
	Volume = {58},
	Year = {1996}}

@article{Zou:2006,
	Author = {Hui Zou},
	Date-Added = {2012-10-31 19:36:55 +0000},
	Date-Modified = {2012-10-31 19:38:00 +0000},
	Journal = {Journal of the American Statistical Association},
	Number = {476},
	Pages = {1418-1429},
	Title = {The adaptive lasso and its oracle properties},
	Volume = {101},
	Year = {2006},
	Bdsk-File-1 = {YnBsaXN0MDDUAQIDBAUGJCVYJHZlcnNpb25YJG9iamVjdHNZJGFyY2hpdmVyVCR0b3ASAAGGoKgHCBMUFRYaIVUkbnVsbNMJCgsMDxJXTlMua2V5c1pOUy5vYmplY3RzViRjbGFzc6INDoACgAOiEBGABIAFgAdccmVsYXRpdmVQYXRoWWFsaWFzRGF0YV8QEXBkZnMvWm91LTIwMDYucGRm0hcLGBlXTlMuZGF0YU8RAZwAAAAAAZwAAgAADE1hY2ludG9zaCBIRAAAAAAAAAAAAAAAAAAAAM2WyMxIKwAAABNgBgxab3UtMjAwNi5wZGYAAAAAAAAAAAAAAAAAAAAAAAAAAAAAAAAAAAAAAAAAAAAAAAAAAAAAAAAAAAAAAAAAAAAAE2A1zfnCoAAAAAAAAAAAAAEAAwAACSAAAAAAAAAAAAAAAAAAAAAEcGRmcwAQAAgAAM2XDxwAAAARAAgAAM36CPAAAAABABgAE2AGABNgAgATI0MADpflAA4azQACDeMAAgBETWFjaW50b3NoIEhEOlVzZXJzOgB3ZXNsZXk6AGdpdDoAZ3dyOgByZWZlcmVuY2VzOgBwZGZzOgBab3UtMjAwNi5wZGYADgAaAAwAWgBvAHUALQAyADAAMAA2AC4AcABkAGYADwAaAAwATQBhAGMAaQBuAHQAbwBzAGgAIABIAEQAEgAxVXNlcnMvd2VzbGV5L2dpdC9nd3IvcmVmZXJlbmNlcy9wZGZzL1pvdS0yMDA2LnBkZgAAEwABLwAAFQACAA3//wAAgAbSGxwdHlokY2xhc3NuYW1lWCRjbGFzc2VzXU5TTXV0YWJsZURhdGGjHR8gVk5TRGF0YVhOU09iamVjdNIbHCIjXE5TRGljdGlvbmFyeaIiIF8QD05TS2V5ZWRBcmNoaXZlctEmJ1Ryb290gAEACAARABoAIwAtADIANwBAAEYATQBVAGAAZwBqAGwAbgBxAHMAdQB3AIQAjgCiAKcArwJPAlECVgJhAmoCeAJ8AoMCjAKRAp4CoQKzArYCuwAAAAAAAAIBAAAAAAAAACgAAAAAAAAAAAAAAAAAAAK9}}

@article{Wheeler:2007,
	Author = {David C Wheeler},
	Date-Added = {2012-09-27 00:20:44 +0000},
	Date-Modified = {2012-09-27 00:21:50 +0000},
	File = {pdfs/Wheeler-2007.pdf:PDF},
	Journal = {Environment and Planning A},
	Owner = {wrbrooks},
	Pages = {2464-2481},
	Title = {Diagnostic tools and a remedial method for collinearity in geographically weighted regression},
	Volume = {39},
	Year = {2007},
	Bdsk-File-1 = {YnBsaXN0MDDUAQIDBAUGJCVYJHZlcnNpb25YJG9iamVjdHNZJGFyY2hpdmVyVCR0b3ASAAGGoKgHCBMUFRYaIVUkbnVsbNMJCgsMDxJXTlMua2V5c1pOUy5vYmplY3RzViRjbGFzc6INDoACgAOiEBGABIAFgAdccmVsYXRpdmVQYXRoWWFsaWFzRGF0YV8QFXBkZnMvV2hlZWxlci0yMDA3LnBkZtIXCxgZV05TLmRhdGFPEQGsAAAAAAGsAAIAAAxNYWNpbnRvc2ggSEQAAAAAAAAAAAAAAAAAAADNlsjMSCsAAAATYAYQV2hlZWxlci0yMDA3LnBkZgAAAAAAAAAAAAAAAAAAAAAAAAAAAAAAAAAAAAAAAAAAAAAAAAAAAAAAAAAAAAAAABNgLs35wqAAAAAAAAAAAAABAAMAAAkgAAAAAAAAAAAAAAAAAAAABHBkZnMAEAAIAADNlw8cAAAAEQAIAADN+gjwAAAAAQAYABNgBgATYAIAEyNDAA6X5QAOGs0AAg3jAAIASE1hY2ludG9zaCBIRDpVc2VyczoAd2VzbGV5OgBnaXQ6AGd3cjoAcmVmZXJlbmNlczoAcGRmczoAV2hlZWxlci0yMDA3LnBkZgAOACIAEABXAGgAZQBlAGwAZQByAC0AMgAwADAANwAuAHAAZABmAA8AGgAMAE0AYQBjAGkAbgB0AG8AcwBoACAASABEABIANVVzZXJzL3dlc2xleS9naXQvZ3dyL3JlZmVyZW5jZXMvcGRmcy9XaGVlbGVyLTIwMDcucGRmAAATAAEvAAAVAAIADf//AACABtIbHB0eWiRjbGFzc25hbWVYJGNsYXNzZXNdTlNNdXRhYmxlRGF0YaMdHyBWTlNEYXRhWE5TT2JqZWN00hscIiNcTlNEaWN0aW9uYXJ5oiIgXxAPTlNLZXllZEFyY2hpdmVy0SYnVHJvb3SAAQAIABEAGgAjAC0AMgA3AEAARgBNAFUAYABnAGoAbABuAHEAcwB1AHcAhACOAKYAqwCzAmMCZQJqAnUCfgKMApAClwKgAqUCsgK1AscCygLPAAAAAAAAAgEAAAAAAAAAKAAAAAAAAAAAAAAAAAAAAtE=}}

@article{Efron:2004a,
	Author = {Bradley Efron},
	Date-Added = {2012-09-24 19:49:08 +0000},
	Date-Modified = {2013-02-06 18:20:48 +0000},
	Journal = {Journal of the American Statistical Association},
	Number = {467},
	Pages = {619-632},
	Title = {The estimation of prediction error: covariance penalties and cross-validation},
	Volume = {99},
	Year = {2004},
	Bdsk-File-1 = {YnBsaXN0MDDUAQIDBAUGJCVYJHZlcnNpb25YJG9iamVjdHNZJGFyY2hpdmVyVCR0b3ASAAGGoKgHCBMUFRYaIVUkbnVsbNMJCgsMDxJXTlMua2V5c1pOUy5vYmplY3RzViRjbGFzc6INDoACgAOiEBGABIAFgAdccmVsYXRpdmVQYXRoWWFsaWFzRGF0YV8QFHBkZnMvZWZyb24tMjAwNGEucGRm0hcLGBlXTlMuZGF0YU8RAagAAAAAAagAAgAADE1hY2ludG9zaCBIRAAAAAAAAAAAAAAAAAAAAM2WyMxIKwAAABNgBg9lZnJvbi0yMDA0YS5wZGYAAAAAAAAAAAAAAAAAAAAAAAAAAAAAAAAAAAAAAAAAAAAAAAAAAAAAAAAAAAAAAAAAE2A6zfnCoQAAAAAAAAAAAAEAAwAACSAAAAAAAAAAAAAAAAAAAAAEcGRmcwAQAAgAAM2XDxwAAAARAAgAAM36CPEAAAABABgAE2AGABNgAgATI0MADpflAA4azQACDeMAAgBHTWFjaW50b3NoIEhEOlVzZXJzOgB3ZXNsZXk6AGdpdDoAZ3dyOgByZWZlcmVuY2VzOgBwZGZzOgBlZnJvbi0yMDA0YS5wZGYAAA4AIAAPAGUAZgByAG8AbgAtADIAMAAwADQAYQAuAHAAZABmAA8AGgAMAE0AYQBjAGkAbgB0AG8AcwBoACAASABEABIANFVzZXJzL3dlc2xleS9naXQvZ3dyL3JlZmVyZW5jZXMvcGRmcy9lZnJvbi0yMDA0YS5wZGYAEwABLwAAFQACAA3//wAAgAbSGxwdHlokY2xhc3NuYW1lWCRjbGFzc2VzXU5TTXV0YWJsZURhdGGjHR8gVk5TRGF0YVhOU09iamVjdNIbHCIjXE5TRGljdGlvbmFyeaIiIF8QD05TS2V5ZWRBcmNoaXZlctEmJ1Ryb290gAEACAARABoAIwAtADIANwBAAEYATQBVAGAAZwBqAGwAbgBxAHMAdQB3AIQAjgClAKoAsgJeAmACZQJwAnkChwKLApICmwKgAq0CsALCAsUCygAAAAAAAAIBAAAAAAAAACgAAAAAAAAAAAAAAAAAAALM}}

@article{Zou:2007,
	Author = {Hui Zou and Trevor Hastie and Robert Tibshirani},
	Date-Added = {2012-09-24 18:41:09 +0000},
	Date-Modified = {2012-11-09 19:54:18 +0000},
	Journal = {Annals of Statistics},
	Number = {5},
	Pages = {2173-2192},
	Title = {On the ``degrees of freedom" of the lasso},
	Volume = {35},
	Year = {2007},
	Bdsk-File-1 = {YnBsaXN0MDDUAQIDBAUGJCVYJHZlcnNpb25YJG9iamVjdHNZJGFyY2hpdmVyVCR0b3ASAAGGoKgHCBMUFRYaIVUkbnVsbNMJCgsMDxJXTlMua2V5c1pOUy5vYmplY3RzViRjbGFzc6INDoACgAOiEBGABIAFgAdccmVsYXRpdmVQYXRoWWFsaWFzRGF0YV8QEHBkZnMvZGZsYXNzby5wZGbSFwsYGVdOUy5kYXRhTxEBmAAAAAABmAACAAAMTWFjaW50b3NoIEhEAAAAAAAAAAAAAAAAAAAAzZbIzEgrAAAAE2AGC2RmbGFzc28ucGRmAAAAAAAAAAAAAAAAAAAAAAAAAAAAAAAAAAAAAAAAAAAAAAAAAAAAAAAAAAAAAAAAAAAAAAATYDnN+cKhAAAAAAAAAAAAAQADAAAJIAAAAAAAAAAAAAAAAAAAAARwZGZzABAACAAAzZcPHAAAABEACAAAzfoI8QAAAAEAGAATYAYAE2ACABMjQwAOl+UADhrNAAIN4wACAENNYWNpbnRvc2ggSEQ6VXNlcnM6AHdlc2xleToAZ2l0OgBnd3I6AHJlZmVyZW5jZXM6AHBkZnM6AGRmbGFzc28ucGRmAAAOABgACwBkAGYAbABhAHMAcwBvAC4AcABkAGYADwAaAAwATQBhAGMAaQBuAHQAbwBzAGgAIABIAEQAEgAwVXNlcnMvd2VzbGV5L2dpdC9nd3IvcmVmZXJlbmNlcy9wZGZzL2RmbGFzc28ucGRmABMAAS8AABUAAgAN//8AAIAG0hscHR5aJGNsYXNzbmFtZVgkY2xhc3Nlc11OU011dGFibGVEYXRhox0fIFZOU0RhdGFYTlNPYmplY3TSGxwiI1xOU0RpY3Rpb25hcnmiIiBfEA9OU0tleWVkQXJjaGl2ZXLRJidUcm9vdIABAAgAEQAaACMALQAyADcAQABGAE0AVQBgAGcAagBsAG4AcQBzAHUAdwCEAI4AoQCmAK4CSgJMAlECXAJlAnMCdwJ+AocCjAKZApwCrgKxArYAAAAAAAACAQAAAAAAAAAoAAAAAAAAAAAAAAAAAAACuA==}}

@article{Lu:2008,
	Author = {Yiqiang Lu and Riquan Zhang and Liping Zhu},
	Date-Added = {2012-09-18 19:40:38 +0000},
	Date-Modified = {2012-09-18 19:43:22 +0000},
	Journal = {Communications in Statistics - Theory and Methods},
	Month = {August},
	Number = {14},
	Pages = {2249-2261},
	Title = {Penalized spline estimation for varying-coefficient models},
	Volume = {37},
	Year = {2008},
	Bdsk-File-1 = {YnBsaXN0MDDUAQIDBAUGJCVYJHZlcnNpb25YJG9iamVjdHNZJGFyY2hpdmVyVCR0b3ASAAGGoKgHCBMUFRYaIVUkbnVsbNMJCgsMDxJXTlMua2V5c1pOUy5vYmplY3RzViRjbGFzc6INDoACgAOiEBGABIAFgAdccmVsYXRpdmVQYXRoWWFsaWFzRGF0YV8QEHBkZnMvTHUtMjAwOC5wZGbSFwsYGVdOUy5kYXRhTxEBmAAAAAABmAACAAAMTWFjaW50b3NoIEhEAAAAAAAAAAAAAAAAAAAAzZbIzEgrAAAAE2AGC0x1LTIwMDgucGRmAAAAAAAAAAAAAAAAAAAAAAAAAAAAAAAAAAAAAAAAAAAAAAAAAAAAAAAAAAAAAAAAAAAAAAATYBzN+cKdAAAAAAAAAAAAAQADAAAJIAAAAAAAAAAAAAAAAAAAAARwZGZzABAACAAAzZcPHAAAABEACAAAzfoI7QAAAAEAGAATYAYAE2ACABMjQwAOl+UADhrNAAIN4wACAENNYWNpbnRvc2ggSEQ6VXNlcnM6AHdlc2xleToAZ2l0OgBnd3I6AHJlZmVyZW5jZXM6AHBkZnM6AEx1LTIwMDgucGRmAAAOABgACwBMAHUALQAyADAAMAA4AC4AcABkAGYADwAaAAwATQBhAGMAaQBuAHQAbwBzAGgAIABIAEQAEgAwVXNlcnMvd2VzbGV5L2dpdC9nd3IvcmVmZXJlbmNlcy9wZGZzL0x1LTIwMDgucGRmABMAAS8AABUAAgAN//8AAIAG0hscHR5aJGNsYXNzbmFtZVgkY2xhc3Nlc11OU011dGFibGVEYXRhox0fIFZOU0RhdGFYTlNPYmplY3TSGxwiI1xOU0RpY3Rpb25hcnmiIiBfEA9OU0tleWVkQXJjaGl2ZXLRJidUcm9vdIABAAgAEQAaACMALQAyADcAQABGAE0AVQBgAGcAagBsAG4AcQBzAHUAdwCEAI4AoQCmAK4CSgJMAlECXAJlAnMCdwJ+AocCjAKZApwCrgKxArYAAAAAAAACAQAAAAAAAAAoAAAAAAAAAAAAAAAAAAACuA==}}

@article{Fortin:2000,
	Author = {Marie-Jos{\'e}e Fortin and Geoffrey M. Jacquez},
	Date-Added = {2012-09-18 01:42:50 +0000},
	Date-Modified = {2012-09-18 01:44:36 +0000},
	Journal = {Bulletin of the Ecological Society of America},
	Month = {July},
	Number = {3},
	Pages = {201-205},
	Title = {Randomization tests and spatially autocorrelated data},
	Volume = {81},
	Year = {2000},
	Bdsk-File-1 = {YnBsaXN0MDDUAQIDBAUGJCVYJHZlcnNpb25YJG9iamVjdHNZJGFyY2hpdmVyVCR0b3ASAAGGoKgHCBMUFRYaIVUkbnVsbNMJCgsMDxJXTlMua2V5c1pOUy5vYmplY3RzViRjbGFzc6INDoACgAOiEBGABIAFgAdccmVsYXRpdmVQYXRoWWFsaWFzRGF0YV8QHnBkZnMvc3BhdGlhbC1yYW5kb21pemF0aW9uLnBkZtIXCxgZV05TLmRhdGFPEQHQAAAAAAHQAAIAAAxNYWNpbnRvc2ggSEQAAAAAAAAAAAAAAAAAAADNlsjMSCsAAAATYAYZc3BhdGlhbC1yYW5kb21pemF0aW9uLnBkZgAAAAAAAAAAAAAAAAAAAAAAAAAAAAAAAAAAAAAAAAAAAAAAAAAAABNgS835wqMAAAAAAAAAAAABAAMAAAkgAAAAAAAAAAAAAAAAAAAABHBkZnMAEAAIAADNlw8cAAAAEQAIAADN+gjzAAAAAQAYABNgBgATYAIAEyNDAA6X5QAOGs0AAg3jAAIAUU1hY2ludG9zaCBIRDpVc2VyczoAd2VzbGV5OgBnaXQ6AGd3cjoAcmVmZXJlbmNlczoAcGRmczoAc3BhdGlhbC1yYW5kb21pemF0aW9uLnBkZgAADgA0ABkAcwBwAGEAdABpAGEAbAAtAHIAYQBuAGQAbwBtAGkAegBhAHQAaQBvAG4ALgBwAGQAZgAPABoADABNAGEAYwBpAG4AdABvAHMAaAAgAEgARAASAD5Vc2Vycy93ZXNsZXkvZ2l0L2d3ci9yZWZlcmVuY2VzL3BkZnMvc3BhdGlhbC1yYW5kb21pemF0aW9uLnBkZgATAAEvAAAVAAIADf//AACABtIbHB0eWiRjbGFzc25hbWVYJGNsYXNzZXNdTlNNdXRhYmxlRGF0YaMdHyBWTlNEYXRhWE5TT2JqZWN00hscIiNcTlNEaWN0aW9uYXJ5oiIgXxAPTlNLZXllZEFyY2hpdmVy0SYnVHJvb3SAAQAIABEAGgAjAC0AMgA3AEAARgBNAFUAYABnAGoAbABuAHEAcwB1AHcAhACOAK8AtAC8ApACkgKXAqICqwK5Ar0CxALNAtIC3wLiAvQC9wL8AAAAAAAAAgEAAAAAAAAAKAAAAAAAAAAAAAAAAAAAAv4=}}

@article{Antoniadis:2012a,
	Author = {Anestis Antoniadas and Irene Gijbels and Anneleen Verhasselt},
	Date-Added = {2012-09-17 20:34:46 +0000},
	Date-Modified = {2013-01-18 23:25:38 +0000},
	Journal = {Journal of Computational and Graphical Statistics},
	Number = {3},
	Pages = {638-661},
	Title = {Variable selection in varying-coefficient models using P-splines},
	Volume = {21},
	Year = {2012},
	Bdsk-File-1 = {YnBsaXN0MDDUAQIDBAUGJCVYJHZlcnNpb25YJG9iamVjdHNZJGFyY2hpdmVyVCR0b3ASAAGGoKgHCBMUFRYaIVUkbnVsbNMJCgsMDxJXTlMua2V5c1pOUy5vYmplY3RzViRjbGFzc6INDoACgAOiEBGABIAFgAdccmVsYXRpdmVQYXRoWWFsaWFzRGF0YV8QGXBkZnMvQW50b25pYWRpcy0yMDEyYS5wZGbSFwsYGVdOUy5kYXRhTxEBvAAAAAABvAACAAAMTWFjaW50b3NoIEhEAAAAAAAAAAAAAAAAAAAAzZbIzEgrAAAAE2AGFEFudG9uaWFkaXMtMjAxMmEucGRmAAAAAAAAAAAAAAAAAAAAAAAAAAAAAAAAAAAAAAAAAAAAAAAAAAAAAAAAAAATYAnN+cKbAAAAAAAAAAAAAQADAAAJIAAAAAAAAAAAAAAAAAAAAARwZGZzABAACAAAzZcPHAAAABEACAAAzfoI6wAAAAEAGAATYAYAE2ACABMjQwAOl+UADhrNAAIN4wACAExNYWNpbnRvc2ggSEQ6VXNlcnM6AHdlc2xleToAZ2l0OgBnd3I6AHJlZmVyZW5jZXM6AHBkZnM6AEFudG9uaWFkaXMtMjAxMmEucGRmAA4AKgAUAEEAbgB0AG8AbgBpAGEAZABpAHMALQAyADAAMQAyAGEALgBwAGQAZgAPABoADABNAGEAYwBpAG4AdABvAHMAaAAgAEgARAASADlVc2Vycy93ZXNsZXkvZ2l0L2d3ci9yZWZlcmVuY2VzL3BkZnMvQW50b25pYWRpcy0yMDEyYS5wZGYAABMAAS8AABUAAgAN//8AAIAG0hscHR5aJGNsYXNzbmFtZVgkY2xhc3Nlc11OU011dGFibGVEYXRhox0fIFZOU0RhdGFYTlNPYmplY3TSGxwiI1xOU0RpY3Rpb25hcnmiIiBfEA9OU0tleWVkQXJjaGl2ZXLRJidUcm9vdIABAAgAEQAaACMALQAyADcAQABGAE0AVQBgAGcAagBsAG4AcQBzAHUAdwCEAI4AqgCvALcCdwJ5An4CiQKSAqACpAKrArQCuQLGAskC2wLeAuMAAAAAAAACAQAAAAAAAAAoAAAAAAAAAAAAAAAAAAAC5Q==}}

@article{Diggle:1998,
	Abstract = {Conventional geostatistical methodology solves the problem of predicting
	the realized value of a linear functional of a Gaussian spatial stochastic
	process S(x) based on observations Yi = S(xi) + Zi at sampling locations
	xi, where the Zi are mutually independent, zero-mean Gaussian random
	variables. We describe two spatial applications for which Gaussian
	distributional assumptions are clearly inappropriate. The first concerns
	the assessment of residual contamination from nuclear weapons testing
	on a South Pacific island, in which the sampling method generates
	spatially indexed Poisson counts conditional on an unobserved spatially
	varying intensity of radioactivity; we conclude that a conventional
	geostatistical analysis oversmooths the data and underestimates the
	spatial extremes of the intensity. The second application provides
	a description of spatial variation in the risk of campylobacter infections
	relative to other enteric infections in part of north Lancashire
	and south Cumbria. For this application, we treat the data as binomial
	counts at unit postcode locations, conditionally on an unobserved
	relative risk surface which we estimate. The theoretical framework
	for our extension of geostatistical methods is that, conditionally
	on the unobserved process S(x), observations at sample locations
	xi form a generalized linear model with the corresponding values
	of S(xi) appearing as an offset term in the linear predictor. We
	use a Bayesian inferential framework, implemented via the Markov
	chain Monte Carlo method, to solve the prediction problem for non-linear
	functionals of S(x), making a proper allowance for the uncertainty
	in the estimation of any model parameters.},
	Author = {Diggle, P. J. and Tawn, J. A. and Moyeed, R. A.},
	Date-Added = {2012-02-09 02:48:34 +0000},
	Date-Modified = {2012-11-09 15:29:21 +0000},
	Doi = {10.1111/1467-9876.00113},
	Issn = {1467-9876},
	Journal = {Journal of the Royal Statistical Society: Series C (Applied Statistics)},
	Keywords = {spatial, regression, Generalized linear mixed model, Geostatistics, Kriging, Markov chain Monte Carlo method, Spatial prediction},
	Number = {3},
	Pages = {299--350},
	Publisher = {Blackwell Publishers Ltd.},
	Title = {Model-based geostatistics},
	Url = {http://dx.doi.org/10.1111/1467-9876.00113},
	Volume = {47},
	Year = {1998},
	Bdsk-File-1 = {YnBsaXN0MDDUAQIDBAUGJCVYJHZlcnNpb25YJG9iamVjdHNZJGFyY2hpdmVyVCR0b3ASAAGGoKgHCBMUFRYaIVUkbnVsbNMJCgsMDxJXTlMua2V5c1pOUy5vYmplY3RzViRjbGFzc6INDoACgAOiEBGABIAFgAdccmVsYXRpdmVQYXRoWWFsaWFzRGF0YV8QInBkZnMvbW9kZWwtYmFzZWQgZ2Vvc3RhdGlzdGljcy5wZGbSFwsYGVdOUy5kYXRhTxEB4AAAAAAB4AACAAAMTWFjaW50b3NoIEhEAAAAAAAAAAAAAAAAAAAAzZbIzEgrAAAAE2AGHW1vZGVsLWJhc2VkIGdlb3N0YXRpc3RpY3MucGRmAAAAAAAAAAAAAAAAAAAAAAAAAAAAAAAAAAAAAAAAAAAAAAATYEDN+cKhAAAAAAAAAAAAAQADAAAJIAAAAAAAAAAAAAAAAAAAAARwZGZzABAACAAAzZcPHAAAABEACAAAzfoI8QAAAAEAGAATYAYAE2ACABMjQwAOl+UADhrNAAIN4wACAFVNYWNpbnRvc2ggSEQ6VXNlcnM6AHdlc2xleToAZ2l0OgBnd3I6AHJlZmVyZW5jZXM6AHBkZnM6AG1vZGVsLWJhc2VkIGdlb3N0YXRpc3RpY3MucGRmAAAOADwAHQBtAG8AZABlAGwALQBiAGEAcwBlAGQAIABnAGUAbwBzAHQAYQB0AGkAcwB0AGkAYwBzAC4AcABkAGYADwAaAAwATQBhAGMAaQBuAHQAbwBzAGgAIABIAEQAEgBCVXNlcnMvd2VzbGV5L2dpdC9nd3IvcmVmZXJlbmNlcy9wZGZzL21vZGVsLWJhc2VkIGdlb3N0YXRpc3RpY3MucGRmABMAAS8AABUAAgAN//8AAIAG0hscHR5aJGNsYXNzbmFtZVgkY2xhc3Nlc11OU011dGFibGVEYXRhox0fIFZOU0RhdGFYTlNPYmplY3TSGxwiI1xOU0RpY3Rpb25hcnmiIiBfEA9OU0tleWVkQXJjaGl2ZXLRJidUcm9vdIABAAgAEQAaACMALQAyADcAQABGAE0AVQBgAGcAagBsAG4AcQBzAHUAdwCEAI4AswC4AMACpAKmAqsCtgK/As0C0QLYAuEC5gLzAvYDCAMLAxAAAAAAAAACAQAAAAAAAAAoAAAAAAAAAAAAAAAAAAADEg==},
	Bdsk-Url-1 = {http://dx.doi.org/10.1111/1467-9876.00113}}

@article{Eidsvik2011,
	Author = {Jo Eidsvik and Andrew O. Finley and Sudipto Banerjee and H{\aa}vard Rue},
	Date-Added = {2012-02-09 02:39:24 +0000},
	Date-Modified = {2012-02-09 02:39:24 +0000},
	Doi = {10.1016/j.csda.2011.10.022},
	Issn = {0167-9473},
	Journal = {Computational Statistics \&amp; Data Analysis},
	Keywords = {Predictive process model},
	Number = {0},
	Pages = {-},
	Title = {Approximate Bayesian inference for large spatial datasets using predictive process models},
	Url = {http://www.sciencedirect.com/science/article/pii/S0167947311003938},
	Year = {2011},
	Bdsk-File-1 = {YnBsaXN0MDDUAQIDBAUGJCVYJHZlcnNpb25YJG9iamVjdHNZJGFyY2hpdmVyVCR0b3ASAAGGoKgHCBMUFRYaIVUkbnVsbNMJCgsMDxJXTlMua2V5c1pOUy5vYmplY3RzViRjbGFzc6INDoACgAOiEBGABIAFgAdccmVsYXRpdmVQYXRoWWFsaWFzRGF0YV8QFXBkZnMvc3BhdGlhbC1JTkxBLnBkZtIXCxgZV05TLmRhdGFPEQGsAAAAAAGsAAIAAAxNYWNpbnRvc2ggSEQAAAAAAAAAAAAAAAAAAADNlsjMSCsAAAATYAYQc3BhdGlhbC1JTkxBLnBkZgAAAAAAAAAAAAAAAAAAAAAAAAAAAAAAAAAAAAAAAAAAAAAAAAAAAAAAAAAAAAAAABNgSs35wqMAAAAAAAAAAAABAAMAAAkgAAAAAAAAAAAAAAAAAAAABHBkZnMAEAAIAADNlw8cAAAAEQAIAADN+gjzAAAAAQAYABNgBgATYAIAEyNDAA6X5QAOGs0AAg3jAAIASE1hY2ludG9zaCBIRDpVc2VyczoAd2VzbGV5OgBnaXQ6AGd3cjoAcmVmZXJlbmNlczoAcGRmczoAc3BhdGlhbC1JTkxBLnBkZgAOACIAEABzAHAAYQB0AGkAYQBsAC0ASQBOAEwAQQAuAHAAZABmAA8AGgAMAE0AYQBjAGkAbgB0AG8AcwBoACAASABEABIANVVzZXJzL3dlc2xleS9naXQvZ3dyL3JlZmVyZW5jZXMvcGRmcy9zcGF0aWFsLUlOTEEucGRmAAATAAEvAAAVAAIADf//AACABtIbHB0eWiRjbGFzc25hbWVYJGNsYXNzZXNdTlNNdXRhYmxlRGF0YaMdHyBWTlNEYXRhWE5TT2JqZWN00hscIiNcTlNEaWN0aW9uYXJ5oiIgXxAPTlNLZXllZEFyY2hpdmVy0SYnVHJvb3SAAQAIABEAGgAjAC0AMgA3AEAARgBNAFUAYABnAGoAbABuAHEAcwB1AHcAhACOAKYAqwCzAmMCZQJqAnUCfgKMApAClwKgAqUCsgK1AscCygLPAAAAAAAAAgEAAAAAAAAAKAAAAAAAAAAAAAAAAAAAAtE=},
	Bdsk-Url-1 = {http://www.sciencedirect.com/science/article/pii/S0167947311003938},
	Bdsk-Url-2 = {http://dx.doi.org/10.1016/j.csda.2011.10.022}}

@article{Fan:1999,
	Author = {Jianqing Fan and Wenyang Zhang},
	Date-Added = {2012-02-10 21:50:51 +0000},
	Date-Modified = {2012-02-10 21:55:07 +0000},
	Journal = {The Annals of Statistics},
	Keywords = {Varying coefficient models; local linear fit; optimal rate of convergence; mean-squared errors},
	Number = {5},
	Pages = {1491-1518},
	Title = {Statistical estimation in varying coefficient models},
	Volume = {27},
	Year = {1999},
	Bdsk-File-1 = {YnBsaXN0MDDUAQIDBAUGJCVYJHZlcnNpb25YJG9iamVjdHNZJGFyY2hpdmVyVCR0b3ASAAGGoKgHCBMUFRYaIVUkbnVsbNMJCgsMDxJXTlMua2V5c1pOUy5vYmplY3RzViRjbGFzc6INDoACgAOiEBGABIAFgAdccmVsYXRpdmVQYXRoWWFsaWFzRGF0YV8QKXBkZnMvRmFuRXN0aW1hdGlvblZhcnlpbmdDb2VmZmljaWVudHMucGRm0hcLGBlXTlMuZGF0YU8RAfgAAAAAAfgAAgAADE1hY2ludG9zaCBIRAAAAAAAAAAAAAAAAAAAAM2WyMxIKwAAABNgBh9GYW5Fc3RpbWF0aW9uVmFyeWluZyMxMzYwMTMucGRmAAAAAAAAAAAAAAAAAAAAAAAAAAAAAAAAAAAAAAAAAAAAE2ATzfnCnAAAAAAAAAAAAAEAAwAACSAAAAAAAAAAAAAAAAAAAAAEcGRmcwAQAAgAAM2XDxwAAAARAAgAAM36COwAAAABABgAE2AGABNgAgATI0MADpflAA4azQACDeMAAgBXTWFjaW50b3NoIEhEOlVzZXJzOgB3ZXNsZXk6AGdpdDoAZ3dyOgByZWZlcmVuY2VzOgBwZGZzOgBGYW5Fc3RpbWF0aW9uVmFyeWluZyMxMzYwMTMucGRmAAAOAEoAJABGAGEAbgBFAHMAdABpAG0AYQB0AGkAbwBuAFYAYQByAHkAaQBuAGcAQwBvAGUAZgBmAGkAYwBpAGUAbgB0AHMALgBwAGQAZgAPABoADABNAGEAYwBpAG4AdABvAHMAaAAgAEgARAASAElVc2Vycy93ZXNsZXkvZ2l0L2d3ci9yZWZlcmVuY2VzL3BkZnMvRmFuRXN0aW1hdGlvblZhcnlpbmdDb2VmZmljaWVudHMucGRmAAATAAEvAAAVAAIADf//AACABtIbHB0eWiRjbGFzc25hbWVYJGNsYXNzZXNdTlNNdXRhYmxlRGF0YaMdHyBWTlNEYXRhWE5TT2JqZWN00hscIiNcTlNEaWN0aW9uYXJ5oiIgXxAPTlNLZXllZEFyY2hpdmVy0SYnVHJvb3SAAQAIABEAGgAjAC0AMgA3AEAARgBNAFUAYABnAGoAbABuAHEAcwB1AHcAhACOALoAvwDHAsMCxQLKAtUC3gLsAvAC9wMAAwUDEgMVAycDKgMvAAAAAAAAAgEAAAAAAAAAKAAAAAAAAAAAAAAAAAAAAzE=}}

@book{Fotheringham:2002,
	Author = {Fotheringham, A.S. and Brunsdon, C. and Charlton, M.},
	Date-Added = {2012-02-24 22:38:42 +0000},
	Date-Modified = {2012-10-31 19:39:23 +0000},
	Publisher = {Wiley},
	Title = {Geographically weighted regression: the analysis of spatially varying relationships},
	Year = {2002}}

@article{Gelfand:2003,
	Author = {Gelfand, Alan E and Kim, Hyon-Jung and Sirmans, C. F and Banerjee, Sudipto},
	Date-Added = {2012-02-09 02:43:03 +0000},
	Date-Modified = {2012-02-24 22:48:40 +0000},
	Doi = {10.1198/016214503000170},
	Eprint = {http://pubs.amstat.org/doi/pdf/10.1198/016214503000170},
	Journal = {Journal of the American Statistical Association},
	Keywords = {spatial and varying coefficients and regression},
	Number = {462},
	Pages = {387-396},
	Title = {Spatial Modeling With Spatially Varying Coefficient Processes},
	Url = {http://pubs.amstat.org/doi/abs/10.1198/016214503000170},
	Volume = {98},
	Year = {2003},
	Bdsk-File-1 = {YnBsaXN0MDDUAQIDBAUGJCVYJHZlcnNpb25YJG9iamVjdHNZJGFyY2hpdmVyVCR0b3ASAAGGoKgHCBMUFRYaIVUkbnVsbNMJCgsMDxJXTlMua2V5c1pOUy5vYmplY3RzViRjbGFzc6INDoACgAOiEBGABIAFgAdccmVsYXRpdmVQYXRoWWFsaWFzRGF0YV8QJ3BkZnMvc3BhdGlhbGx5LXZhcnlpbmctY29lZmZpY2llbnRzLnBkZtIXCxgZV05TLmRhdGFPEQHyAAAAAAHyAAIAAAxNYWNpbnRvc2ggSEQAAAAAAAAAAAAAAAAAAADNlsjMSCsAAAATYAYfc3BhdGlhbGx5LXZhcnlpbmctY28jMTM2MDRFLnBkZgAAAAAAAAAAAAAAAAAAAAAAAAAAAAAAAAAAAAAAAAAAABNgTs35wqMAAAAAAAAAAAABAAMAAAkgAAAAAAAAAAAAAAAAAAAABHBkZnMAEAAIAADNlw8cAAAAEQAIAADN+gjzAAAAAQAYABNgBgATYAIAEyNDAA6X5QAOGs0AAg3jAAIAV01hY2ludG9zaCBIRDpVc2VyczoAd2VzbGV5OgBnaXQ6AGd3cjoAcmVmZXJlbmNlczoAcGRmczoAc3BhdGlhbGx5LXZhcnlpbmctY28jMTM2MDRFLnBkZgAADgBGACIAcwBwAGEAdABpAGEAbABsAHkALQB2AGEAcgB5AGkAbgBnAC0AYwBvAGUAZgBmAGkAYwBpAGUAbgB0AHMALgBwAGQAZgAPABoADABNAGEAYwBpAG4AdABvAHMAaAAgAEgARAASAEdVc2Vycy93ZXNsZXkvZ2l0L2d3ci9yZWZlcmVuY2VzL3BkZnMvc3BhdGlhbGx5LXZhcnlpbmctY29lZmZpY2llbnRzLnBkZgAAEwABLwAAFQACAA3//wAAgAbSGxwdHlokY2xhc3NuYW1lWCRjbGFzc2VzXU5TTXV0YWJsZURhdGGjHR8gVk5TRGF0YVhOU09iamVjdNIbHCIjXE5TRGljdGlvbmFyeaIiIF8QD05TS2V5ZWRBcmNoaXZlctEmJ1Ryb290gAEACAARABoAIwAtADIANwBAAEYATQBVAGAAZwBqAGwAbgBxAHMAdQB3AIQAjgC4AL0AxQK7Ar0CwgLNAtYC5ALoAu8C+AL9AwoDDQMfAyIDJwAAAAAAAAIBAAAAAAAAACgAAAAAAAAAAAAAAAAAAAMp},
	Bdsk-Url-1 = {http://pubs.amstat.org/doi/abs/10.1198/016214503000170},
	Bdsk-Url-2 = {http://dx.doi.org/10.1198/016214503000170}}

@article{Green:1987,
	Author = {Peter J Green},
	Date-Added = {2012-02-10 19:21:33 +0000},
	Date-Modified = {2012-02-10 19:23:50 +0000},
	Journal = {International Statistical Review},
	Keywords = {penalized likelihood, regression},
	Number = {3},
	Pages = {245-259},
	Title = {Penalized likelihood for general semi-parametric regression models},
	Volume = {53},
	Year = {1987},
	Bdsk-File-1 = {YnBsaXN0MDDUAQIDBAUGJCVYJHZlcnNpb25YJG9iamVjdHNZJGFyY2hpdmVyVCR0b3ASAAGGoKgHCBMUFRYaIVUkbnVsbNMJCgsMDxJXTlMua2V5c1pOUy5vYmplY3RzViRjbGFzc6INDoACgAOiEBGABIAFgAdccmVsYXRpdmVQYXRoWWFsaWFzRGF0YV8QN3BkZnMvcGVuYWxpemVkLWxpa2VsaWhvb2Qtc2VtaXBhcmFtZXRyaWMtcmVncmVzc2lvbi5wZGbSFwsYGVdOUy5kYXRhTxECIgAAAAACIgACAAAMTWFjaW50b3NoIEhEAAAAAAAAAAAAAAAAAAAAzZbIzEgrAAAAE2AGH3BlbmFsaXplZC1saWtlbGlob29kIzEzNjA0NC5wZGYAAAAAAAAAAAAAAAAAAAAAAAAAAAAAAAAAAAAAAAAAAAATYETN+cKjAAAAAAAAAAAAAQADAAAJIAAAAAAAAAAAAAAAAAAAAARwZGZzABAACAAAzZcPHAAAABEACAAAzfoI8wAAAAEAGAATYAYAE2ACABMjQwAOl+UADhrNAAIN4wACAFdNYWNpbnRvc2ggSEQ6VXNlcnM6AHdlc2xleToAZ2l0OgBnd3I6AHJlZmVyZW5jZXM6AHBkZnM6AHBlbmFsaXplZC1saWtlbGlob29kIzEzNjA0NC5wZGYAAA4AZgAyAHAAZQBuAGEAbABpAHoAZQBkAC0AbABpAGsAZQBsAGkAaABvAG8AZAAtAHMAZQBtAGkAcABhAHIAYQBtAGUAdAByAGkAYwAtAHIAZQBnAHIAZQBzAHMAaQBvAG4ALgBwAGQAZgAPABoADABNAGEAYwBpAG4AdABvAHMAaAAgAEgARAASAFdVc2Vycy93ZXNsZXkvZ2l0L2d3ci9yZWZlcmVuY2VzL3BkZnMvcGVuYWxpemVkLWxpa2VsaWhvb2Qtc2VtaXBhcmFtZXRyaWMtcmVncmVzc2lvbi5wZGYAABMAAS8AABUAAgAN//8AAIAG0hscHR5aJGNsYXNzbmFtZVgkY2xhc3Nlc11OU011dGFibGVEYXRhox0fIFZOU0RhdGFYTlNPYmplY3TSGxwiI1xOU0RpY3Rpb25hcnmiIiBfEA9OU0tleWVkQXJjaGl2ZXLRJidUcm9vdIABAAgAEQAaACMALQAyADcAQABGAE0AVQBgAGcAagBsAG4AcQBzAHUAdwCEAI4AyADNANUC+wL9AwIDDQMWAyQDKAMvAzgDPQNKA00DXwNiA2cAAAAAAAACAQAAAAAAAAAoAAAAAAAAAAAAAAAAAAADaQ==}}

@article{Hastie:1993a,
	Abstract = {We explore a class of regression and generalized regression models
	in which the coefficients are allowed to vary as smooth functions
	of other variables. General algorithms are presented for estimating
	the models flexibly and some examples are given. This class of models
	ties together generalized additive models and dynamic generalized
	linear models into one common framework. When applied to the proportional
	hazards model for survival data, this approach provides a new way
	of modelling departures from the proportional hazards assumption.},
	Author = {Hastie, Trevor and Tibshirani, Robert},
	Copyright = {Copyright {\copyright} 1993 Royal Statistical Society},
	Date-Modified = {2013-01-17 16:30:17 +0000},
	Issn = {00359246},
	Journal = {Journal of the Royal Statistical Society. Series B (Methodological)},
	Jstor_Articletype = {research-article},
	Jstor_Formatteddate = {1993},
	Language = {English},
	Number = {4},
	Pages = {pp. 757-796},
	Publisher = {Blackwell Publishing for the Royal Statistical Society},
	Title = {Varying-Coefficient Models},
	Url = {http://www.jstor.org/stable/2345993},
	Volume = {55},
	Year = {1993},
	Bdsk-File-1 = {YnBsaXN0MDDUAQIDBAUGJCVYJHZlcnNpb25YJG9iamVjdHNZJGFyY2hpdmVyVCR0b3ASAAGGoKgHCBMUFRYaIVUkbnVsbNMJCgsMDxJXTlMua2V5c1pOUy5vYmplY3RzViRjbGFzc6INDoACgAOiEBGABIAFgAdccmVsYXRpdmVQYXRoWWFsaWFzRGF0YV8QI3BkZnMvVmFyeWluZy1jb2VmZmljaWVudC1tb2RlbHMucGRm0hcLGBlXTlMuZGF0YU8RAeQAAAAAAeQAAgAADE1hY2ludG9zaCBIRAAAAAAAAAAAAAAAAAAAAM2WyMxIKwAAABNgBh5WYXJ5aW5nLWNvZWZmaWNpZW50LW1vZGVscy5wZGYAAAAAAAAAAAAAAAAAAAAAAAAAAAAAAAAAAAAAAAAAAAAAE2AozfnCngAAAAAAAAAAAAEAAwAACSAAAAAAAAAAAAAAAAAAAAAEcGRmcwAQAAgAAM2XDxwAAAARAAgAAM36CO4AAAABABgAE2AGABNgAgATI0MADpflAA4azQACDeMAAgBWTWFjaW50b3NoIEhEOlVzZXJzOgB3ZXNsZXk6AGdpdDoAZ3dyOgByZWZlcmVuY2VzOgBwZGZzOgBWYXJ5aW5nLWNvZWZmaWNpZW50LW1vZGVscy5wZGYADgA+AB4AVgBhAHIAeQBpAG4AZwAtAGMAbwBlAGYAZgBpAGMAaQBlAG4AdAAtAG0AbwBkAGUAbABzAC4AcABkAGYADwAaAAwATQBhAGMAaQBuAHQAbwBzAGgAIABIAEQAEgBDVXNlcnMvd2VzbGV5L2dpdC9nd3IvcmVmZXJlbmNlcy9wZGZzL1ZhcnlpbmctY29lZmZpY2llbnQtbW9kZWxzLnBkZgAAEwABLwAAFQACAA3//wAAgAbSGxwdHlokY2xhc3NuYW1lWCRjbGFzc2VzXU5TTXV0YWJsZURhdGGjHR8gVk5TRGF0YVhOU09iamVjdNIbHCIjXE5TRGljdGlvbmFyeaIiIF8QD05TS2V5ZWRBcmNoaXZlctEmJ1Ryb290gAEACAARABoAIwAtADIANwBAAEYATQBVAGAAZwBqAGwAbgBxAHMAdQB3AIQAjgC0ALkAwQKpAqsCsAK7AsQC0gLWAt0C5gLrAvgC+wMNAxADFQAAAAAAAAIBAAAAAAAAACgAAAAAAAAAAAAAAAAAAAMX},
	Bdsk-Url-1 = {http://www.jstor.org/stable/2345993}}

@book{Hastie:1990,
	Author = {Hastie, T.J. and Tibshirani, R.J.},
	Date-Added = {2012-02-24 22:37:53 +0000},
	Date-Modified = {2012-10-31 19:35:58 +0000},
	Isbn = {9780412343902},
	Publisher = {Taylor and Francis},
	Title = {Generalized Additive Models},
	Url = {http://books.google.com/books?id=qa29r1Ze1coC},
	Year = {1990},
	Bdsk-Url-1 = {http://books.google.com/books?id=qa29r1Ze1coC}}

@article{Gelfand:2011,
	Affiliation = {Department of Statistical Science, Duke University, Box 90251, Durham, NC 27708-0251, USA},
	Author = {Heaton, Matthew and Gelfand, Alan},
	Date-Added = {2012-02-09 02:46:57 +0000},
	Date-Modified = {2012-02-24 22:49:12 +0000},
	Issn = {1085-7117},
	Issue = {2},
	Journal = {Journal of Agricultural, Biological, and Environmental Statistics},
	Keyword = {Mathematics and Statistics},
	Keywords = {spatial and kernel and regression and varying coefficients},
	Note = {10.1007/s13253-010-0050-6},
	Pages = {233-252},
	Publisher = {Springer New York},
	Title = {Spatial Regression Using Kernel Averaged Predictors},
	Url = {http://dx.doi.org/10.1007/s13253-010-0050-6},
	Volume = {16},
	Year = {2011},
	Bdsk-File-1 = {YnBsaXN0MDDUAQIDBAUGJCVYJHZlcnNpb25YJG9iamVjdHNZJGFyY2hpdmVyVCR0b3ASAAGGoKgHCBMUFRYaIVUkbnVsbNMJCgsMDxJXTlMua2V5c1pOUy5vYmplY3RzViRjbGFzc6INDoACgAOiEBGABIAFgAdccmVsYXRpdmVQYXRoWWFsaWFzRGF0YV8QI3BkZnMva2VybmVsIGF2ZXJhZ2VkIHByZWRpY3RvcnMucGRm0hcLGBlXTlMuZGF0YU8RAeQAAAAAAeQAAgAADE1hY2ludG9zaCBIRAAAAAAAAAAAAAAAAAAAAM2WyMxIKwAAABNgBh5rZXJuZWwgYXZlcmFnZWQgcHJlZGljdG9ycy5wZGYAAAAAAAAAAAAAAAAAAAAAAAAAAAAAAAAAAAAAAAAAAAAAE2A9zfnCoQAAAAAAAAAAAAEAAwAACSAAAAAAAAAAAAAAAAAAAAAEcGRmcwAQAAgAAM2XDxwAAAARAAgAAM36CPEAAAABABgAE2AGABNgAgATI0MADpflAA4azQACDeMAAgBWTWFjaW50b3NoIEhEOlVzZXJzOgB3ZXNsZXk6AGdpdDoAZ3dyOgByZWZlcmVuY2VzOgBwZGZzOgBrZXJuZWwgYXZlcmFnZWQgcHJlZGljdG9ycy5wZGYADgA+AB4AawBlAHIAbgBlAGwAIABhAHYAZQByAGEAZwBlAGQAIABwAHIAZQBkAGkAYwB0AG8AcgBzAC4AcABkAGYADwAaAAwATQBhAGMAaQBuAHQAbwBzAGgAIABIAEQAEgBDVXNlcnMvd2VzbGV5L2dpdC9nd3IvcmVmZXJlbmNlcy9wZGZzL2tlcm5lbCBhdmVyYWdlZCBwcmVkaWN0b3JzLnBkZgAAEwABLwAAFQACAA3//wAAgAbSGxwdHlokY2xhc3NuYW1lWCRjbGFzc2VzXU5TTXV0YWJsZURhdGGjHR8gVk5TRGF0YVhOU09iamVjdNIbHCIjXE5TRGljdGlvbmFyeaIiIF8QD05TS2V5ZWRBcmNoaXZlctEmJ1Ryb290gAEACAARABoAIwAtADIANwBAAEYATQBVAGAAZwBqAGwAbgBxAHMAdQB3AIQAjgC0ALkAwQKpAqsCsAK7AsQC0gLWAt0C5gLrAvgC+wMNAxADFQAAAAAAAAIBAAAAAAAAACgAAAAAAAAAAAAAAAAAAAMX},
	Bdsk-Url-1 = {http://dx.doi.org/10.1007/s13253-010-0050-6}}

@unpublished{Hooker:2011,
	Author = {Giles Hooker},
	Date-Added = {2012-02-09 02:22:28 +0000},
	Date-Modified = {2012-02-24 22:50:23 +0000},
	Keywords = {machine learning and boosting and loss function and nonparametric},
	Note = {Courtesy of Bret Hanlon},
	Title = {Learned Loss Boosting},
	Year = {2011},
	Bdsk-File-1 = {YnBsaXN0MDDUAQIDBAUGJCVYJHZlcnNpb25YJG9iamVjdHNZJGFyY2hpdmVyVCR0b3ASAAGGoKgHCBMUFRYaIVUkbnVsbNMJCgsMDxJXTlMua2V5c1pOUy5vYmplY3RzViRjbGFzc6INDoACgAOiEBGABIAFgAdccmVsYXRpdmVQYXRoWWFsaWFzRGF0YV8QFXBkZnMvbGVhcm5lZGxvc3MyLnBkZtIXCxgZV05TLmRhdGFPEQGsAAAAAAGsAAIAAAxNYWNpbnRvc2ggSEQAAAAAAAAAAAAAAAAAAADNlsjMSCsAAAATYAYQbGVhcm5lZGxvc3MyLnBkZgAAAAAAAAAAAAAAAAAAAAAAAAAAAAAAAAAAAAAAAAAAAAAAAAAAAAAAAAAAAAAAABNgPs35wqEAAAAAAAAAAAABAAMAAAkgAAAAAAAAAAAAAAAAAAAABHBkZnMAEAAIAADNlw8cAAAAEQAIAADN+gjxAAAAAQAYABNgBgATYAIAEyNDAA6X5QAOGs0AAg3jAAIASE1hY2ludG9zaCBIRDpVc2VyczoAd2VzbGV5OgBnaXQ6AGd3cjoAcmVmZXJlbmNlczoAcGRmczoAbGVhcm5lZGxvc3MyLnBkZgAOACIAEABsAGUAYQByAG4AZQBkAGwAbwBzAHMAMgAuAHAAZABmAA8AGgAMAE0AYQBjAGkAbgB0AG8AcwBoACAASABEABIANVVzZXJzL3dlc2xleS9naXQvZ3dyL3JlZmVyZW5jZXMvcGRmcy9sZWFybmVkbG9zczIucGRmAAATAAEvAAAVAAIADf//AACABtIbHB0eWiRjbGFzc25hbWVYJGNsYXNzZXNdTlNNdXRhYmxlRGF0YaMdHyBWTlNEYXRhWE5TT2JqZWN00hscIiNcTlNEaWN0aW9uYXJ5oiIgXxAPTlNLZXllZEFyY2hpdmVy0SYnVHJvb3SAAQAIABEAGgAjAC0AMgA3AEAARgBNAFUAYABnAGoAbABuAHEAcwB1AHcAhACOAKYAqwCzAmMCZQJqAnUCfgKMApAClwKgAqUCsgK1AscCygLPAAAAAAAAAgEAAAAAAAAAKAAAAAAAAAAAAAAAAAAAAtE=}}

@article{Hurvich:1998,
	Abstract = {Many different methods have been proposed to construct nonparametric
	estimates of a smooth regression function, including local polynomial,
	(convolution) kernel and smoothing spline estimators. Each of these
	estimators uses a smoothing parameter to control the amount of smoothing
	performed on a given data set. In this paper an improved version
	of a criterion based on the Akaike information criterion (AIC), termed
	AIC<sub>C</sub>, is derived and examined as a way to choose the smoothing
	parameter. Unlike plug-in methods, AIC<sub>C</sub> can be used to
	choose smoothing parameters for any linear smoother, including local
	quadratic and smoothing spline estimators. The use of AIC<sub>C</sub>
	avoids the large variability and tendency to undersmooth (compared
	with the actual minimizer of average squared error) seen when other
	`classical' approaches (such as generalized cross-validation or the
	AIC) are used to choose the smoothing parameter. Monte Carlo simulations
	demonstrate that the AIC<sub>C</sub>-based smoothing parameter is
	competitive with a plug-in method (assuming that one exists) when
	the plug-in method works well but also performs well when the plug-in
	approach fails or is unavailable.},
	Author = {Hurvich, Clifford M. and Simonoff, Jeffrey S. and Tsai, Chih-Ling},
	Copyright = {Copyright {\copyright} 1998 Royal Statistical Society},
	Date-Modified = {2012-09-18 19:35:07 +0000},
	Issn = {13697412},
	Journal = {Journal of the Royal Statistical Society. Series B (Statistical Methodology)},
	Jstor_Articletype = {research-article},
	Jstor_Formatteddate = {1998},
	Language = {English},
	Number = {2},
	Pages = {pp. 271-293},
	Publisher = {Blackwell Publishing for the Royal Statistical Society},
	Title = {Smoothing Parameter Selection in Nonparametric Regression Using an Improved Akaike Information Criterion},
	Url = {http://www.jstor.org/stable/2985940},
	Volume = {60},
	Year = {1998},
	Bdsk-File-1 = {YnBsaXN0MDDUAQIDBAUGJCVYJHZlcnNpb25YJG9iamVjdHNZJGFyY2hpdmVyVCR0b3ASAAGGoKgHCBMUFRYaIVUkbnVsbNMJCgsMDxJXTlMua2V5c1pOUy5vYmplY3RzViRjbGFzc6INDoACgAOiEBGABIAFgAdccmVsYXRpdmVQYXRoWWFsaWFzRGF0YV8QHi4uLy4uLy4uL0Rvd25sb2Fkcy8yOTg1OTQwLnBkZtIXCxgZV05TLmRhdGFPEQFmAAAAAAFmAAIAAAhza3VsbCBIRAAAAAAAAAAAAAAAAAAAAAAAAADK6JoVSCsAAAAMieILMjk4NTk0MC5wZGYAAAAAAAAAAAAAAAAAAAAAAAAAAAAAAAAAAAAAAAAAAAAAAAAAAAAAAAAAAAAAAAAAAAAAAIvRDsubq2EAAAAAAAAAAAADAAIAAAkgAAAAAAAAAAAAAAAAAAAACURvd25sb2FkcwAAEAAIAADK6O51AAAAEQAIAADLm/GxAAAAAQAMAAyJ4gAL40IAC+EzAAIALnNrdWxsIEhEOlVzZXJzOgB3ZXNsZXk6AERvd25sb2FkczoAMjk4NTk0MC5wZGYADgAYAAsAMgA5ADgANQA5ADQAMAAuAHAAZABmAA8AEgAIAHMAawB1AGwAbAAgAEgARAASACJVc2Vycy93ZXNsZXkvRG93bmxvYWRzLzI5ODU5NDAucGRmABMAAS8AABUAAgAN//8AAIAG0hscHR5aJGNsYXNzbmFtZVgkY2xhc3Nlc11OU011dGFibGVEYXRhox0fIFZOU0RhdGFYTlNPYmplY3TSGxwiI1xOU0RpY3Rpb25hcnmiIiBfEA9OU0tleWVkQXJjaGl2ZXLRJidUcm9vdIABAAgAEQAaACMALQAyADcAQABGAE0AVQBgAGcAagBsAG4AcQBzAHUAdwCEAI4ArwC0ALwCJgIoAi0COAJBAk8CUwJaAmMCaAJ1AngCigKNApIAAAAAAAACAQAAAAAAAAAoAAAAAAAAAAAAAAAAAAAClA==},
	Bdsk-Url-1 = {http://www.jstor.org/stable/2985940}}

@article{Lin:2006,
	Abstract = {We propose a new method for model selection and model fitting in multivariate
	nonparametric regression models, in the framework of smoothing spline
	ANOVA. The "COSSO" is a method of regularization with the penalty
	functional being the sum of component norms, instead of the squared
	norm employed in the traditional smoothing spline method. The COSSO
	provides a unified framework for several recent proposals for model
	selection in linear models and smoothing spline ANOVA models. Theoretical
	properties, such as the existence and the rate of convergence of
	the COSSO estimator, are studied. In the special case of a tensor
	product design with periodic functions, a detailed analysis reveals
	that the COSSO does model selection by applying a novel soft thresholding
	type operation to the function components. We give an equivalent
	formulation of the COSSO estimator which leads naturally to an iterative
	algorithm. We compare the COSSO with MARS, a popular method that
	builds functional ANOVA models, in simulations and real examples.
	The COSSO method can be extended to classification problems and we
	compare its performance with those of a number of machine learning
	algorithms on real datasets. The COSSO gives very competitive performance
	in these studies.},
	Author = {Lin, Yi and Zhang, Hao Helen},
	Copyright = {Copyright {\copyright} 2006 Institute of Mathematical Statistics},
	Date-Modified = {2012-09-18 19:55:09 +0000},
	Issn = {00905364},
	Journal = {The Annals of Statistics},
	Jstor_Articletype = {research-article},
	Jstor_Formatteddate = {Oct., 2006},
	Language = {English},
	Number = {5},
	Pages = {pp. 2272-2297},
	Publisher = {Institute of Mathematical Statistics},
	Title = {Component Selection and Smoothing in Multivariate Nonparametric Regression},
	Url = {http://www.jstor.org/stable/25463508},
	Volume = {34},
	Year = {2006},
	Bdsk-File-1 = {YnBsaXN0MDDUAQIDBAUGJCVYJHZlcnNpb25YJG9iamVjdHNZJGFyY2hpdmVyVCR0b3ASAAGGoKgHCBMUFRYaIVUkbnVsbNMJCgsMDxJXTlMua2V5c1pOUy5vYmplY3RzViRjbGFzc6INDoACgAOiEBGABIAFgAdccmVsYXRpdmVQYXRoWWFsaWFzRGF0YV8QE3BkZnMvY29zc28gMjAwNi5wZGbSFwsYGVdOUy5kYXRhTxEBpAAAAAABpAACAAAMTWFjaW50b3NoIEhEAAAAAAAAAAAAAAAAAAAAzZbIzEgrAAAAE2AGDmNvc3NvIDIwMDYucGRmAAAAAAAAAAAAAAAAAAAAAAAAAAAAAAAAAAAAAAAAAAAAAAAAAAAAAAAAAAAAAAAAAAATYDjN+cKhAAAAAAAAAAAAAQADAAAJIAAAAAAAAAAAAAAAAAAAAARwZGZzABAACAAAzZcPHAAAABEACAAAzfoI8QAAAAEAGAATYAYAE2ACABMjQwAOl+UADhrNAAIN4wACAEZNYWNpbnRvc2ggSEQ6VXNlcnM6AHdlc2xleToAZ2l0OgBnd3I6AHJlZmVyZW5jZXM6AHBkZnM6AGNvc3NvIDIwMDYucGRmAA4AHgAOAGMAbwBzAHMAbwAgADIAMAAwADYALgBwAGQAZgAPABoADABNAGEAYwBpAG4AdABvAHMAaAAgAEgARAASADNVc2Vycy93ZXNsZXkvZ2l0L2d3ci9yZWZlcmVuY2VzL3BkZnMvY29zc28gMjAwNi5wZGYAABMAAS8AABUAAgAN//8AAIAG0hscHR5aJGNsYXNzbmFtZVgkY2xhc3Nlc11OU011dGFibGVEYXRhox0fIFZOU0RhdGFYTlNPYmplY3TSGxwiI1xOU0RpY3Rpb25hcnmiIiBfEA9OU0tleWVkQXJjaGl2ZXLRJidUcm9vdIABAAgAEQAaACMALQAyADcAQABGAE0AVQBgAGcAagBsAG4AcQBzAHUAdwCEAI4ApACpALECWQJbAmACawJ0AoIChgKNApYCmwKoAqsCvQLAAsUAAAAAAAACAQAAAAAAAAAoAAAAAAAAAAAAAAAAAAACxw==},
	Bdsk-Url-1 = {http://www.jstor.org/stable/25463508}}

@book{McCullagh-Nelder:1989,
	Author = {McCullagh, P. and Nelder, J.A.},
	Date-Added = {2012-02-24 22:39:22 +0000},
	Date-Modified = {2012-02-24 22:50:15 +0000},
	Isbn = {9780412317606},
	Publisher = {Taylor and Francis},
	Title = {Generalized Linear Models, Second Edition},
	Url = {http://books.google.com/books?id=h9kFH2\_FfBkC},
	Year = {1989},
	Bdsk-Url-1 = {http://books.google.com/books?id=h9kFH2%5C_FfBkC}}

@article{OSullivan:1986,
	Abstract = {Ill-posed inverse problems arise in many branches of science and engineering.
	In the typical situation one is interested in recovering a whole
	function given a finite number of noisy measurements on functionals.
	Performance characteristics of an inversion algorithm are studied
	via the mean square error which is decomposed into bias and variability.
	Variability calculations are often straightforward, but useful bias
	measures are more difficult to obtain. An appropriate definition
	of what geophysicists call the Backus-Gilbert averaging kernel leads
	to a natural way of measuring bias characteristics. Moreover, the
	ideas give rise to some important experimental design criteria. It
	can be shown that the optimal inversion algorithms are methods of
	regularization procedures, but to completely specify these algorithms
	the signal to noise ratio must be supplied. Statistical approaches
	to the empirical determination of the signal to noise ratio are discussed;
	cross-validation and unbiased risk methods are reviewed; and some
	extensions, which seem particularly appropriate in the inverse problem
	context, are indicated. Linear and nonlinear examples from medicine,
	meteorology, and geophysics are used for illustration.},
	Author = {O'Sullivan, Finbarr},
	Copyright = {Copyright {\copyright} 1986 Institute of Mathematical Statistics},
	Date-Modified = {2012-02-23 23:14:22 +0000},
	Issn = {08834237},
	Journal = {Statistical Science},
	Jstor_Articletype = {research-article},
	Jstor_Formatteddate = {Nov., 1986},
	Keywords = {machine learning, inverse problem, penalized likelihood},
	Language = {English},
	Number = {4},
	Pages = {pp. 502-518},
	Publisher = {Institute of Mathematical Statistics},
	Title = {A Statistical Perspective on Ill-Posed Inverse Problems},
	Url = {http://www.jstor.org/stable/2245801},
	Volume = {1},
	Year = {1986},
	Bdsk-File-1 = {YnBsaXN0MDDUAQIDBAUGJCVYJHZlcnNpb25YJG9iamVjdHNZJGFyY2hpdmVyVCR0b3ASAAGGoKgHCBMUFRYaIVUkbnVsbNMJCgsMDxJXTlMua2V5c1pOUy5vYmplY3RzViRjbGFzc6INDoACgAOiEBGABIAFgAdccmVsYXRpdmVQYXRoWWFsaWFzRGF0YV8QKHBkZnMvb3N1bGxpdmFuLTE5ODYtaW52ZXJzZS1wcm9ibGVtcy5wZGbSFwsYGVdOUy5kYXRhTxEB9AAAAAAB9AACAAAMTWFjaW50b3NoIEhEAAAAAAAAAAAAAAAAAAAAzZbIzEgrAAAAE2AGH29zdWxsaXZhbi0xOTg2LWludmVyIzEzNjA0MS5wZGYAAAAAAAAAAAAAAAAAAAAAAAAAAAAAAAAAAAAAAAAAAAATYEHN+cKiAAAAAAAAAAAAAQADAAAJIAAAAAAAAAAAAAAAAAAAAARwZGZzABAACAAAzZcPHAAAABEACAAAzfoI8gAAAAEAGAATYAYAE2ACABMjQwAOl+UADhrNAAIN4wACAFdNYWNpbnRvc2ggSEQ6VXNlcnM6AHdlc2xleToAZ2l0OgBnd3I6AHJlZmVyZW5jZXM6AHBkZnM6AG9zdWxsaXZhbi0xOTg2LWludmVyIzEzNjA0MS5wZGYAAA4ASAAjAG8AcwB1AGwAbABpAHYAYQBuAC0AMQA5ADgANgAtAGkAbgB2AGUAcgBzAGUALQBwAHIAbwBiAGwAZQBtAHMALgBwAGQAZgAPABoADABNAGEAYwBpAG4AdABvAHMAaAAgAEgARAASAEhVc2Vycy93ZXNsZXkvZ2l0L2d3ci9yZWZlcmVuY2VzL3BkZnMvb3N1bGxpdmFuLTE5ODYtaW52ZXJzZS1wcm9ibGVtcy5wZGYAEwABLwAAFQACAA3//wAAgAbSGxwdHlokY2xhc3NuYW1lWCRjbGFzc2VzXU5TTXV0YWJsZURhdGGjHR8gVk5TRGF0YVhOU09iamVjdNIbHCIjXE5TRGljdGlvbmFyeaIiIF8QD05TS2V5ZWRBcmNoaXZlctEmJ1Ryb290gAEACAARABoAIwAtADIANwBAAEYATQBVAGAAZwBqAGwAbgBxAHMAdQB3AIQAjgC5AL4AxgK+AsACxQLQAtkC5wLrAvIC+wMAAw0DEAMiAyUDKgAAAAAAAAIBAAAAAAAAACgAAAAAAAAAAAAAAAAAAAMs},
	Bdsk-Url-1 = {http://www.jstor.org/stable/2245801}}

@phdthesis{Paciorek:2003,
	Author = {Chris Paciorek},
	Date-Added = {2012-02-09 02:51:43 +0000},
	Date-Modified = {2012-02-24 22:49:59 +0000},
	Keywords = {spatial, regression, process, varying coefficients},
	School = {Carnegie Mellon University},
	Title = {Nonstationary Gaussian processes for regression and spatial modelling},
	Year = {2003},
	Bdsk-File-1 = {YnBsaXN0MDDUAQIDBAUGJCVYJHZlcnNpb25YJG9iamVjdHNZJGFyY2hpdmVyVCR0b3ASAAGGoKgHCBMUFRYaIVUkbnVsbNMJCgsMDxJXTlMua2V5c1pOUy5vYmplY3RzViRjbGFzc6INDoACgAOiEBGABIAFgAdccmVsYXRpdmVQYXRoWWFsaWFzRGF0YV8QGHBkZnMvcGFjaW9yZWstdGhlc2lzLnBkZtIXCxgZV05TLmRhdGFPEQG4AAAAAAG4AAIAAAxNYWNpbnRvc2ggSEQAAAAAAAAAAAAAAAAAAADNlsjMSCsAAAATYAYTcGFjaW9yZWstdGhlc2lzLnBkZgAAAAAAAAAAAAAAAAAAAAAAAAAAAAAAAAAAAAAAAAAAAAAAAAAAAAAAAAAAABNgQs35wqIAAAAAAAAAAAABAAMAAAkgAAAAAAAAAAAAAAAAAAAABHBkZnMAEAAIAADNlw8cAAAAEQAIAADN+gjyAAAAAQAYABNgBgATYAIAEyNDAA6X5QAOGs0AAg3jAAIAS01hY2ludG9zaCBIRDpVc2VyczoAd2VzbGV5OgBnaXQ6AGd3cjoAcmVmZXJlbmNlczoAcGRmczoAcGFjaW9yZWstdGhlc2lzLnBkZgAADgAoABMAcABhAGMAaQBvAHIAZQBrAC0AdABoAGUAcwBpAHMALgBwAGQAZgAPABoADABNAGEAYwBpAG4AdABvAHMAaAAgAEgARAASADhVc2Vycy93ZXNsZXkvZ2l0L2d3ci9yZWZlcmVuY2VzL3BkZnMvcGFjaW9yZWstdGhlc2lzLnBkZgATAAEvAAAVAAIADf//AACABtIbHB0eWiRjbGFzc25hbWVYJGNsYXNzZXNdTlNNdXRhYmxlRGF0YaMdHyBWTlNEYXRhWE5TT2JqZWN00hscIiNcTlNEaWN0aW9uYXJ5oiIgXxAPTlNLZXllZEFyY2hpdmVy0SYnVHJvb3SAAQAIABEAGgAjAC0AMgA3AEAARgBNAFUAYABnAGoAbABuAHEAcwB1AHcAhACOAKkArgC2AnICdAJ5AoQCjQKbAp8CpgKvArQCwQLEAtYC2QLeAAAAAAAAAgEAAAAAAAAAKAAAAAAAAAAAAAAAAAAAAuA=}}

@article{Reich:2011,
	Author = {Brian J. Reich and Montserrat Fuentes and David B. Dunson},
	Date-Added = {2012-02-09 02:26:28 +0000},
	Date-Modified = {2012-02-09 02:31:57 +0000},
	Journal = {Journal of the American Statistical},
	Keywords = {bayesian and quantile regression and regression and spatial and process},
	Number = {493},
	Title = {Bayesian Spatial Quantile Regression},
	Volume = {106},
	Year = {2011},
	Bdsk-File-1 = {YnBsaXN0MDDUAQIDBAUGJCVYJHZlcnNpb25YJG9iamVjdHNZJGFyY2hpdmVyVCR0b3ASAAGGoKgHCBMUFRYaIVUkbnVsbNMJCgsMDxJXTlMua2V5c1pOUy5vYmplY3RzViRjbGFzc6INDoACgAOiEBGABIAFgAdccmVsYXRpdmVQYXRoWWFsaWFzRGF0YV8QGHBkZnMvU3BhdGlhbFF1YW50aWxlLnBkZtIXCxgZV05TLmRhdGFPEQG4AAAAAAG4AAIAAAxNYWNpbnRvc2ggSEQAAAAAAAAAAAAAAAAAAADNlsjMSCsAAAATYAYTU3BhdGlhbFF1YW50aWxlLnBkZgAAAAAAAAAAAAAAAAAAAAAAAAAAAAAAAAAAAAAAAAAAAAAAAAAAAAAAAAAAABNgI835wp4AAAAAAAAAAAABAAMAAAkgAAAAAAAAAAAAAAAAAAAABHBkZnMAEAAIAADNlw8cAAAAEQAIAADN+gjuAAAAAQAYABNgBgATYAIAEyNDAA6X5QAOGs0AAg3jAAIAS01hY2ludG9zaCBIRDpVc2VyczoAd2VzbGV5OgBnaXQ6AGd3cjoAcmVmZXJlbmNlczoAcGRmczoAU3BhdGlhbFF1YW50aWxlLnBkZgAADgAoABMAUwBwAGEAdABpAGEAbABRAHUAYQBuAHQAaQBsAGUALgBwAGQAZgAPABoADABNAGEAYwBpAG4AdABvAHMAaAAgAEgARAASADhVc2Vycy93ZXNsZXkvZ2l0L2d3ci9yZWZlcmVuY2VzL3BkZnMvU3BhdGlhbFF1YW50aWxlLnBkZgATAAEvAAAVAAIADf//AACABtIbHB0eWiRjbGFzc25hbWVYJGNsYXNzZXNdTlNNdXRhYmxlRGF0YaMdHyBWTlNEYXRhWE5TT2JqZWN00hscIiNcTlNEaWN0aW9uYXJ5oiIgXxAPTlNLZXllZEFyY2hpdmVy0SYnVHJvb3SAAQAIABEAGgAjAC0AMgA3AEAARgBNAFUAYABnAGoAbABuAHEAcwB1AHcAhACOAKkArgC2AnICdAJ5AoQCjQKbAp8CpgKvArQCwQLEAtYC2QLeAAAAAAAAAgEAAAAAAAAAKAAAAAAAAAAAAAAAAAAAAuA=}}

@phdthesis{Shang:2011,
	Author = {Zuofeng Shang},
	Date-Added = {2012-02-09 02:23:50 +0000},
	Date-Modified = {2012-02-24 22:49:52 +0000},
	Keywords = {bayesian and spatial and variable selection and process},
	Note = {Ph.D Dissertation (Murray Clayton advisor)},
	School = {University of Wisconsin-Madison},
	Title = {Bayesian Variable Selection},
	Year = {2011},
	Bdsk-File-1 = {YnBsaXN0MDDUAQIDBAUGJCVYJHZlcnNpb25YJG9iamVjdHNZJGFyY2hpdmVyVCR0b3ASAAGGoKgHCBMUFRYaIVUkbnVsbNMJCgsMDxJXTlMua2V5c1pOUy5vYmplY3RzViRjbGFzc6INDoACgAOiEBGABIAFgAdccmVsYXRpdmVQYXRoWWFsaWFzRGF0YV8QE3BkZnMvU2hhbmctMjAxMS5wZGbSFwsYGVdOUy5kYXRhTxEBpAAAAAABpAACAAAMTWFjaW50b3NoIEhEAAAAAAAAAAAAAAAAAAAAzZbIzEgrAAAAE2AGDlNoYW5nLTIwMTEucGRmAAAAAAAAAAAAAAAAAAAAAAAAAAAAAAAAAAAAAAAAAAAAAAAAAAAAAAAAAAAAAAAAAAATYCLN+cKdAAAAAAAAAAAAAQADAAAJIAAAAAAAAAAAAAAAAAAAAARwZGZzABAACAAAzZcPHAAAABEACAAAzfoI7QAAAAEAGAATYAYAE2ACABMjQwAOl+UADhrNAAIN4wACAEZNYWNpbnRvc2ggSEQ6VXNlcnM6AHdlc2xleToAZ2l0OgBnd3I6AHJlZmVyZW5jZXM6AHBkZnM6AFNoYW5nLTIwMTEucGRmAA4AHgAOAFMAaABhAG4AZwAtADIAMAAxADEALgBwAGQAZgAPABoADABNAGEAYwBpAG4AdABvAHMAaAAgAEgARAASADNVc2Vycy93ZXNsZXkvZ2l0L2d3ci9yZWZlcmVuY2VzL3BkZnMvU2hhbmctMjAxMS5wZGYAABMAAS8AABUAAgAN//8AAIAG0hscHR5aJGNsYXNzbmFtZVgkY2xhc3Nlc11OU011dGFibGVEYXRhox0fIFZOU0RhdGFYTlNPYmplY3TSGxwiI1xOU0RpY3Rpb25hcnmiIiBfEA9OU0tleWVkQXJjaGl2ZXLRJidUcm9vdIABAAgAEQAaACMALQAyADcAQABGAE0AVQBgAGcAagBsAG4AcQBzAHUAdwCEAI4ApACpALECWQJbAmACawJ0AoIChgKNApYCmwKoAqsCvQLAAsUAAAAAAAACAQAAAAAAAAAoAAAAAAAAAAAAAAAAAAACxw==}}

@article{Staniswalis:1989,
	Abstract = {Smoothing splines have a penalized likelihood motivation (Good and
	Gaskins 1971) allowing direct application to nonparametric regression
	in likelihood-based models. The notion of a weighted likelihood for
	the nonparametric kernel estimation of a regression function is proposed,
	generalizing the local likelihood theory of Tibshirani and Hastie
	(1987). Let the data be of the form (xi, Yi) (i = 1,...,n), where
	xi ∈ [ 0, 1]d are lattice points and the Yi are independent random
	variables from a family of distributions with parameter λi = g(xi),
	with g having continuous partial derivatives of order k ≥ 2. The
	goal is to arrive at a nonparametric estimate $\hat\lambda_o$ of
	λo = g(xo) for a fixed point xo ∈ [ 0, 1]d. We consider the estimator
	$\hat\lambda_o$ that maximizes the weighted likelihood function W(λ)
	= Σn i = 1 W[(x0 - xi)/b] log f(Yi:λ), with f the density of Yi,
	W a symmetric kernel with compact support, and b the bandwidth that
	controls the degree of smoothing. Sufficient conditions for consistency
	and asymptotic normality of $\hat\lambda_o$ are given. If the Yi
	are normal random variables with mean λi and equal variance, then
	$\hat\lambda_0$ is the kernel estimator of Priestly-Chao (1972).
	It is a weighted average of Yi corresponding to xi in a neighborhood
	of xo. The kernel governs the weights and the bandwidth controls
	the size of the neighborhood. The kernel estimator of the relative
	risk function is developed for censored survival times under the
	assumption of the Cox proportional hazards model. The weighted likelihood
	approach based on the full likelihood is illustrated with real and
	simulated data.},
	Author = {Staniswalis, Joan G.},
	Copyright = {Copyright {\copyright} 1989 American Statistical Association},
	Date-Modified = {2012-12-26 23:42:01 +0000},
	Issn = {01621459},
	Journal = {Journal of the American Statistical Association},
	Jstor_Articletype = {research-article},
	Jstor_Formatteddate = {Mar., 1989},
	Language = {English},
	Number = {405},
	Pages = {pp. 276-283},
	Publisher = {American Statistical Association},
	Title = {The kernel estimate of a regression function in likelihood-based models},
	Url = {http://www.jstor.org/stable/2289874},
	Volume = {84},
	Year = {1989},
	Bdsk-File-1 = {YnBsaXN0MDDUAQIDBAUGJCVYJHZlcnNpb25YJG9iamVjdHNZJGFyY2hpdmVyVCR0b3ASAAGGoKgHCBMUFRYaIVUkbnVsbNMJCgsMDxJXTlMua2V5c1pOUy5vYmplY3RzViRjbGFzc6INDoACgAOiEBGABIAFgAdccmVsYXRpdmVQYXRoWWFsaWFzRGF0YV8QGXBkZnMvU3Rhbmlzd2FsaXMtMTk4Ny5wZGbSFwsYGVdOUy5kYXRhTxEBvAAAAAABvAACAAAMTWFjaW50b3NoIEhEAAAAAAAAAAAAAAAAAAAAzZbIzEgrAAAAE2AGFFN0YW5pc3dhbGlzLTE5ODcucGRmAAAAAAAAAAAAAAAAAAAAAAAAAAAAAAAAAAAAAAAAAAAAAAAAAAAAAAAAAAATYCTN+cKeAAAAAAAAAAAAAQADAAAJIAAAAAAAAAAAAAAAAAAAAARwZGZzABAACAAAzZcPHAAAABEACAAAzfoI7gAAAAEAGAATYAYAE2ACABMjQwAOl+UADhrNAAIN4wACAExNYWNpbnRvc2ggSEQ6VXNlcnM6AHdlc2xleToAZ2l0OgBnd3I6AHJlZmVyZW5jZXM6AHBkZnM6AFN0YW5pc3dhbGlzLTE5ODcucGRmAA4AKgAUAFMAdABhAG4AaQBzAHcAYQBsAGkAcwAtADEAOQA4ADcALgBwAGQAZgAPABoADABNAGEAYwBpAG4AdABvAHMAaAAgAEgARAASADlVc2Vycy93ZXNsZXkvZ2l0L2d3ci9yZWZlcmVuY2VzL3BkZnMvU3Rhbmlzd2FsaXMtMTk4Ny5wZGYAABMAAS8AABUAAgAN//8AAIAG0hscHR5aJGNsYXNzbmFtZVgkY2xhc3Nlc11OU011dGFibGVEYXRhox0fIFZOU0RhdGFYTlNPYmplY3TSGxwiI1xOU0RpY3Rpb25hcnmiIiBfEA9OU0tleWVkQXJjaGl2ZXLRJidUcm9vdIABAAgAEQAaACMALQAyADcAQABGAE0AVQBgAGcAagBsAG4AcQBzAHUAdwCEAI4AqgCvALcCdwJ5An4CiQKSAqACpAKrArQCuQLGAskC2wLeAuMAAAAAAAACAQAAAAAAAAAoAAAAAAAAAAAAAAAAAAAC5Q==},
	Bdsk-Url-1 = {http://www.jstor.org/stable/2289874}}

@article{Tibshirani:1987,
	Abstract = {A scatterplot smoother is applied to data of the form {(x<sub>1</sub>,
	y<sub>1</sub>), (x<sub>2</sub>, y<sub>2</sub>), ⋯, (x<sub>n</sub>,
	y<sub>n</sub>)} and uses local fitting to estimate the dependence
	of Y on X. A simple example is the running lines smoother, which
	fits a least squares line to the y values falling in a window around
	each x value. The value of the estimated function at x is given by
	the value of the least squares line at x. A smoother generalizes
	the least squares line, which assumes that the dependence of Y on
	X is linear. In this article, we extend the idea of local fitting
	to likelihood-based regression models. One such application is to
	the class of generalized linear models (Nelder and Wedderburn 1972).
	We enlarge this class by replacing the covariate form β<sub>0</sub>
	+ xβ<sub>1</sub> with an unspecified smooth function s(x). This
	function is estimated from the data by a technique we call local
	likelihood estimation. The method consists of maximum likelihood
	estimation for β<sub>0</sub> and β<sub>1</sub>, applied in a window
	around each x value. Multiple covariates are incorporated through
	an iterative algorithm. We also apply the local likelihood technique
	to the proportional hazards model of Cox (1972), a model for censored
	data. The proportional hazards assumption λ(t ∣ x) = λ<sub>0</sub>(t)exp(xβ)
	is replaced by λ(t ∣ x) = λ<sub>0</sub>(t)exp(s(x)), and the
	function s(x) is estimated from the data by the local likelihood
	method. In some real data examples, the local likelihood technique
	proves to be effective in uncovering nonlinear dependencies. It is
	useful as a descriptive tool or to suggest transformations of the
	covariates. We also discuss some methods for inference.},
	Author = {Tibshirani, Robert and Hastie, Trevor},
	Copyright = {Copyright {\copyright} 1987 American Statistical Association},
	Date-Modified = {2012-12-26 20:51:08 +0000},
	Issn = {01621459},
	Journal = {Journal of the American Statistical Association},
	Jstor_Articletype = {research-article},
	Jstor_Formatteddate = {Jun., 1987},
	Language = {English},
	Number = {398},
	Pages = {pp. 559-567},
	Publisher = {American Statistical Association},
	Title = {Local Likelihood Estimation},
	Url = {http://www.jstor.org/stable/2289465},
	Volume = {82},
	Year = {1987},
	Bdsk-File-1 = {YnBsaXN0MDDUAQIDBAUGJCVYJHZlcnNpb25YJG9iamVjdHNZJGFyY2hpdmVyVCR0b3ASAAGGoKgHCBMUFRYaIVUkbnVsbNMJCgsMDxJXTlMua2V5c1pOUy5vYmplY3RzViRjbGFzc6INDoACgAOiEBGABIAFgAdccmVsYXRpdmVQYXRoWWFsaWFzRGF0YV8QGHBkZnMvVGlic2hpcmFuaS0xOTg3LnBkZtIXCxgZV05TLmRhdGFPEQG4AAAAAAG4AAIAAAxNYWNpbnRvc2ggSEQAAAAAAAAAAAAAAAAAAADNlsjMSCsAAAATYAYTVGlic2hpcmFuaS0xOTg3LnBkZgAAAAAAAAAAAAAAAAAAAAAAAAAAAAAAAAAAAAAAAAAAAAAAAAAAAAAAAAAAABNgJs35wp4AAAAAAAAAAAABAAMAAAkgAAAAAAAAAAAAAAAAAAAABHBkZnMAEAAIAADNlw8cAAAAEQAIAADN+gjuAAAAAQAYABNgBgATYAIAEyNDAA6X5QAOGs0AAg3jAAIAS01hY2ludG9zaCBIRDpVc2VyczoAd2VzbGV5OgBnaXQ6AGd3cjoAcmVmZXJlbmNlczoAcGRmczoAVGlic2hpcmFuaS0xOTg3LnBkZgAADgAoABMAVABpAGIAcwBoAGkAcgBhAG4AaQAtADEAOQA4ADcALgBwAGQAZgAPABoADABNAGEAYwBpAG4AdABvAHMAaAAgAEgARAASADhVc2Vycy93ZXNsZXkvZ2l0L2d3ci9yZWZlcmVuY2VzL3BkZnMvVGlic2hpcmFuaS0xOTg3LnBkZgATAAEvAAAVAAIADf//AACABtIbHB0eWiRjbGFzc25hbWVYJGNsYXNzZXNdTlNNdXRhYmxlRGF0YaMdHyBWTlNEYXRhWE5TT2JqZWN00hscIiNcTlNEaWN0aW9uYXJ5oiIgXxAPTlNLZXllZEFyY2hpdmVy0SYnVHJvb3SAAQAIABEAGgAjAC0AMgA3AEAARgBNAFUAYABnAGoAbABuAHEAcwB1AHcAhACOAKkArgC2AnICdAJ5AoQCjQKbAp8CpgKvArQCwQLEAtYC2QLeAAAAAAAAAgEAAAAAAAAAKAAAAAAAAAAAAAAAAAAAAuA=},
	Bdsk-Url-1 = {http://www.jstor.org/stable/2289465}}

@article{Wang:2008a,
	Author = {Wang, Lifeng and Li, Hongzhe and Huang, Jianhua Z.},
	Date-Modified = {2013-01-18 15:33:07 +0000},
	Doi = {10.1198/016214508000000788},
	Eprint = {http://pubs.amstat.org/doi/pdf/10.1198/016214508000000788},
	Journal = {Journal of the American Statistical Association},
	Keywords = {varying coefficients; regression; variable selection},
	Number = {484},
	Pages = {1556-1569},
	Title = {Variable Selection in Nonparametric Varying-Coefficient Models for Analysis of Repeated Measurements},
	Url = {http://pubs.amstat.org/doi/abs/10.1198/016214508000000788},
	Volume = {103},
	Year = {2008},
	Bdsk-File-1 = {YnBsaXN0MDDUAQIDBAUGJCVYJHZlcnNpb25YJG9iamVjdHNZJGFyY2hpdmVyVCR0b3ASAAGGoKgHCBMUFRYaIVUkbnVsbNMJCgsMDxJXTlMua2V5c1pOUy5vYmplY3RzViRjbGFzc6INDoACgAOiEBGABIAFgAdccmVsYXRpdmVQYXRoWWFsaWFzRGF0YV8QE3BkZnMvV2FuZy0yMDA4YS5wZGbSFwsYGVdOUy5kYXRhTxEBpAAAAAABpAACAAAMTWFjaW50b3NoIEhEAAAAAAAAAAAAAAAAAAAAzZbIzEgrAAAAE2AGDldhbmctMjAwOGEucGRmAAAAAAAAAAAAAAAAAAAAAAAAAAAAAAAAAAAAAAAAAAAAAAAAAAAAAAAAAAAAAAAAAAATYCvN+cKfAAAAAAAAAAAAAQADAAAJIAAAAAAAAAAAAAAAAAAAAARwZGZzABAACAAAzZcPHAAAABEACAAAzfoI7wAAAAEAGAATYAYAE2ACABMjQwAOl+UADhrNAAIN4wACAEZNYWNpbnRvc2ggSEQ6VXNlcnM6AHdlc2xleToAZ2l0OgBnd3I6AHJlZmVyZW5jZXM6AHBkZnM6AFdhbmctMjAwOGEucGRmAA4AHgAOAFcAYQBuAGcALQAyADAAMAA4AGEALgBwAGQAZgAPABoADABNAGEAYwBpAG4AdABvAHMAaAAgAEgARAASADNVc2Vycy93ZXNsZXkvZ2l0L2d3ci9yZWZlcmVuY2VzL3BkZnMvV2FuZy0yMDA4YS5wZGYAABMAAS8AABUAAgAN//8AAIAG0hscHR5aJGNsYXNzbmFtZVgkY2xhc3Nlc11OU011dGFibGVEYXRhox0fIFZOU0RhdGFYTlNPYmplY3TSGxwiI1xOU0RpY3Rpb25hcnmiIiBfEA9OU0tleWVkQXJjaGl2ZXLRJidUcm9vdIABAAgAEQAaACMALQAyADcAQABGAE0AVQBgAGcAagBsAG4AcQBzAHUAdwCEAI4ApACpALECWQJbAmACawJ0AoIChgKNApYCmwKoAqsCvQLAAsUAAAAAAAACAQAAAAAAAAAoAAAAAAAAAAAAAAAAAAACxw==},
	Bdsk-Url-1 = {http://dx.doi.org/10.1198/016214508000000788}}

@article{Wheeler:2009,
	Author = {David C Wheeler},
	Date-Modified = {2012-09-14 19:18:21 +0000},
	Doi = {10.1068/a40256},
	File = {pdfs/gw-lasso.pdf:PDF},
	Journal = {Environment and Planning A},
	Owner = {wrbrooks},
	Pages = {722-742},
	Timestamp = {2012.06.11},
	Title = {Simultaneous coefficient penalization and model selection in geographically weighted regression: the geographically weighted lasso},
	Volume = {41},
	Year = {2009},
	Bdsk-File-1 = {YnBsaXN0MDDUAQIDBAUGJCVYJHZlcnNpb25YJG9iamVjdHNZJGFyY2hpdmVyVCR0b3ASAAGGoKgHCBMUFRYaIVUkbnVsbNMJCgsMDxJXTlMua2V5c1pOUy5vYmplY3RzViRjbGFzc6INDoACgAOiEBGABIAFgAdccmVsYXRpdmVQYXRoWWFsaWFzRGF0YV8QFXBkZnMvV2hlZWxlci0yMDA5LnBkZtIXCxgZV05TLmRhdGFPEQGsAAAAAAGsAAIAAAxNYWNpbnRvc2ggSEQAAAAAAAAAAAAAAAAAAADNlsjMSCsAAAATYAYQV2hlZWxlci0yMDA5LnBkZgAAAAAAAAAAAAAAAAAAAAAAAAAAAAAAAAAAAAAAAAAAAAAAAAAAAAAAAAAAAAAAABNgL835wqAAAAAAAAAAAAABAAMAAAkgAAAAAAAAAAAAAAAAAAAABHBkZnMAEAAIAADNlw8cAAAAEQAIAADN+gjwAAAAAQAYABNgBgATYAIAEyNDAA6X5QAOGs0AAg3jAAIASE1hY2ludG9zaCBIRDpVc2VyczoAd2VzbGV5OgBnaXQ6AGd3cjoAcmVmZXJlbmNlczoAcGRmczoAV2hlZWxlci0yMDA5LnBkZgAOACIAEABXAGgAZQBlAGwAZQByAC0AMgAwADAAOQAuAHAAZABmAA8AGgAMAE0AYQBjAGkAbgB0AG8AcwBoACAASABEABIANVVzZXJzL3dlc2xleS9naXQvZ3dyL3JlZmVyZW5jZXMvcGRmcy9XaGVlbGVyLTIwMDkucGRmAAATAAEvAAAVAAIADf//AACABtIbHB0eWiRjbGFzc25hbWVYJGNsYXNzZXNdTlNNdXRhYmxlRGF0YaMdHyBWTlNEYXRhWE5TT2JqZWN00hscIiNcTlNEaWN0aW9uYXJ5oiIgXxAPTlNLZXllZEFyY2hpdmVy0SYnVHJvb3SAAQAIABEAGgAjAC0AMgA3AEAARgBNAFUAYABnAGoAbABuAHEAcwB1AHcAhACOAKYAqwCzAmMCZQJqAnUCfgKMApAClwKgAqUCsgK1AscCygLPAAAAAAAAAgEAAAAAAAAAKAAAAAAAAAAAAAAAAAAAAtE=},
	Bdsk-Url-1 = {http://dx.doi.org/10.1068/a40256}}

@book{Wood:2006,
	Author = {Wood, S.N.},
	Date-Added = {2012-02-24 22:39:47 +0000},
	Date-Modified = {2012-02-24 22:49:45 +0000},
	Isbn = {9781584884743},
	Lccn = {2006040209},
	Publisher = {Chapman \& Hall/CRC},
	Series = {Texts in statistical science},
	Title = {Generalized additive models: an introduction with R},
	Url = {http://books.google.com/books?id=GbzXe-L8uFgC},
	Year = {2006},
	Bdsk-Url-1 = {http://books.google.com/books?id=GbzXe-L8uFgC}}

@article{Zeger:1988,
	Abstract = {This paper discusses a quasi-likelihood (QL) approach to regression
	analysis with time series data. We consider a class of Markov models,
	referred to by Cox (1981, Scandinavian Journal of Statistics 8, 93-115)
	as "observation-driven" models in which the conditional means and
	variances given the past are explicit functions of past outcomes.
	The class includes autoregressive and Markov chain models for continuous
	and categorical observations as well as models for counts (e.g.,
	Poisson) and continuous outcomes with constant coefficient of variation
	(e.g., gamma). We focus on Poisson and gamma data for illustration.
	Analogous to QL for independent observations, large-sample properties
	of the regression coefficients depend only on correct specification
	of the first conditional moment.},
	Author = {Zeger, Scott L. and Qaqish, Bahjat},
	Copyright = {Copyright {\copyright} 1988 International Biometric Society},
	Date-Modified = {2012-02-23 23:20:45 +0000},
	Issn = {0006341X},
	Journal = {Biometrics},
	Jstor_Articletype = {research-article},
	Jstor_Formatteddate = {Dec., 1988},
	Language = {English},
	Number = {4},
	Pages = {pp. 1019-1031},
	Publisher = {International Biometric Society},
	Title = {Markov Regression Models for Time Series: A Quasi-Likelihood Approach},
	Url = {http://www.jstor.org/stable/2531732},
	Volume = {44},
	Year = {1988},
	Bdsk-File-1 = {YnBsaXN0MDDUAQIDBAUGJCVYJHZlcnNpb25YJG9iamVjdHNZJGFyY2hpdmVyVCR0b3ASAAGGoKgHCBMUFRYaIVUkbnVsbNMJCgsMDxJXTlMua2V5c1pOUy5vYmplY3RzViRjbGFzc6INDoACgAOiEBGABIAFgAdccmVsYXRpdmVQYXRoWWFsaWFzRGF0YV8QJXBkZnMvWmVnZXItMTk5OC1tYXJrb3YtcmVncmVzc2lvbi5wZGbSFwsYGVdOUy5kYXRhTxEB7AAAAAAB7AACAAAMTWFjaW50b3NoIEhEAAAAAAAAAAAAAAAAAAAAzZbIzEgrAAAAE2AGH1plZ2VyLTE5OTgtbWFya292LXJlIzEzNjAzMi5wZGYAAAAAAAAAAAAAAAAAAAAAAAAAAAAAAAAAAAAAAAAAAAATYDLN+cKgAAAAAAAAAAAAAQADAAAJIAAAAAAAAAAAAAAAAAAAAARwZGZzABAACAAAzZcPHAAAABEACAAAzfoI8AAAAAEAGAATYAYAE2ACABMjQwAOl+UADhrNAAIN4wACAFdNYWNpbnRvc2ggSEQ6VXNlcnM6AHdlc2xleToAZ2l0OgBnd3I6AHJlZmVyZW5jZXM6AHBkZnM6AFplZ2VyLTE5OTgtbWFya292LXJlIzEzNjAzMi5wZGYAAA4AQgAgAFoAZQBnAGUAcgAtADEAOQA5ADgALQBtAGEAcgBrAG8AdgAtAHIAZQBnAHIAZQBzAHMAaQBvAG4ALgBwAGQAZgAPABoADABNAGEAYwBpAG4AdABvAHMAaAAgAEgARAASAEVVc2Vycy93ZXNsZXkvZ2l0L2d3ci9yZWZlcmVuY2VzL3BkZnMvWmVnZXItMTk5OC1tYXJrb3YtcmVncmVzc2lvbi5wZGYAABMAAS8AABUAAgAN//8AAIAG0hscHR5aJGNsYXNzbmFtZVgkY2xhc3Nlc11OU011dGFibGVEYXRhox0fIFZOU0RhdGFYTlNPYmplY3TSGxwiI1xOU0RpY3Rpb25hcnmiIiBfEA9OU0tleWVkQXJjaGl2ZXLRJidUcm9vdIABAAgAEQAaACMALQAyADcAQABGAE0AVQBgAGcAagBsAG4AcQBzAHUAdwCEAI4AtgC7AMMCswK1AroCxQLOAtwC4ALnAvAC9QMCAwUDFwMaAx8AAAAAAAACAQAAAAAAAAAoAAAAAAAAAAAAAAAAAAADIQ==},
	Bdsk-Url-1 = {http://www.jstor.org/stable/2531732}}
